3126 5056
676 255 896 319 ...28-

138 435 175 496 ad
190 441 373 514 postremum
391 433 524 513 equitum
543 441 657 494 turmae
672 432 850 513 splendidae,
881 432 952 494 illud
967 429 1100 514 ἄγαλμα
1116 434 1171 514 τῆς
1187 427 1420 513 ὑπερπλούτου

138 529 261 615 χλιδῆς,
285 550 424 612 pompam
446 532 645 613 pulcherrime
667 532 891 595 concludebant.

239 631 355 710 qualem
371 632 507 693 ordinem
524 631 554 693 iu
570 632 709 694 omuibus
724 633 841 714 pompis
856 631 1003 693 similibus
1025 631 1117 693 luisse
1139 631 1207 692 iude
1230 642 1313 713 puto,
1339 634 1420 712 quod

139 730 254 810 singula
281 731 405 810 cogitate
431 731 573 813 disposita
606 741 687 794 sunt.
731 750 800 794 nam
828 731 958 812 primum
989 731 1169 804 sacerdotes,
1199 731 1250 810 qui
1277 751 1420 813 pompam

139 829 170 891 iu
199 849 249 891 ara
277 830 473 911 recipiebant,
507 831 618 893 hordeo
646 831 741 893 cultro
769 831 848 893 vittis
881 830 990 911 pateris
1024 830 1134 891 bimeis
1168 830 1305 909 egebant:
1342 832 1422 893 unde

139 929 298 1010 canephori
326 931 357 991 iu
386 930 484 1010 primo
512 930 710 1011 procedebant
730 930 856 1010 agmine.
908 929 1013 991 deiude
1043 928 1156 991 hostiae
1185 929 1265 1010 ipsae
1294 930 1361 991 libis
1390 942 1422 993 et

139 1028 251 1109 hydriis
280 1029 472 1109 sequentibus
502 1030 733 1092 adducebantur.
784 1029 911 1109 denique
940 1028 1061 1101 musici,
1098 1028 1151 1108 qui
1185 1038 1215 1089 et
1244 1029 1358 1091 hostias
1388 1031 1419 1091 in

139 1146 247 1210 pompa
277 1129 461 1190 deducebant
490 1141 521 1191 et
550 1129 692 1191 sacrificio
720 1128 852 1190 faciendo
881 1128 1052 1202 adstabant,
1089 1127 1298 1208 sequebantur.
1355 1139 1420 1190 tum

140 1227 330 1307 magistratus
352 1239 383 1290 et
403 1247 489 1289 senes
512 1237 543 1290 et
568 1228 673 1308 reliqui
700 1228 778 1290 cives
800 1227 935 1290 sacrificii
957 1227 1113 1308 participes
1136 1227 1292 1288 commode
1314 1247 1420 1308 proce·

140 1327 257 1388 debant.
309 1327 423 1407 equites
456 1336 556 1390 autem
586 1346 704 1408 semper
732 1346 855 1408 pompas
891 1327 1073 1389 conclusisse
1104 1327 1180 1388 ultro
1210 1327 1418 1407 intellegimus.

140 1425 224 1488 cuius
251 1425 363 1488 ordinis
396 1427 539 1507 vestigiis,
572 1426 623 1489 ubi
656 1446 673 1488 e
699 1426 893 1507 scriptoribus
927 1426 1023 1506 colligi
1055 1436 1229 1508 potuerunt,
1266 1446 1322 1489 suo
1355 1428 1419 1489 loco

140 1543 214 1587 usus
236 1525 374 1596 summ).

438 1664 467 1725 5.
505 1663 545 1725 de
572 1681 722 1745 pompae
751 1672 878 1726 natura
906 1672 940 1725 et
967 1663 1122 1743 origine.

240 1786 276 1847 de
298 1805 424 1867 pompae
446 1785 544 1848 indole
567 1795 597 1847 et
618 1784 790 1866 primordiis
806 1795 961 1865 antequam
985 1785 1127 1847 iudicium
1149 1788 1225 1846 lerre
1247 1805 1418 1866 possumus,

141 1885 214 1965 qnid
236 1885 293 1966 ipsi
317 1886 512 1948 Athenienses
534 1885 569 1947 de
585 1884 798 1947 Panathenaeis
821 1885 978 1958 senserint,
1001 1884 1159 1946 ridendum
1182 1894 1237 1946 est.
1281 1886 1361 1964 quod
1384 1905 1419 1947 er

141 1984 268 2046 atthidis
292 1984 424 2064 reliquiis
447 1984 555 2046 elucet:
586 2002 654 2045 nam
684 1984 720 2044 ab
742 1984 935 2046 Erichthonio
958 1985 1159 2045 Panathenaea
1188 1983 1323 2045 instituta
1355 2004 1419 2046 esse

141 2082 309 2146 llellauicus
350 2082 553 2161 Androtio¹⁷⁹l
596 2101 726 2144 marmor
767 2082 947 2162 Parium¹⁸⁰)
987 2081 1243 2160 Philochorus¹⁸¹)
1288 2083 1418 2146 tradunt.

139 2182 280 2245 accedunt
309 2181 508 2262 posteriorum
538 2179 777 2261 testimonia¹⁸²).
826 2201 842 2243 e
869 2182 977 2262 quibus
1006 2201 1115 2244 nomeu
1144 2181 1417 2245 Panathenaeorum

140 2281 217 2363 apud
250 2281 396 2362 plurimos
429 2281 521 2342 luisse
554 2281 734 2342 censendum
763 2280 874 2355 est¹⁸³3
903 2281 1064 2343 sedetiam
1089 2283 1418 2344 nomenvetushthe·

142 2399 282 2443 uaeorum
318 2381 347 2442 in
370 2380 489 2442 Atthide
522 2388 599 2454 erat3
632 2380 711 2460 quod
734 2389 764 2442 et
787 2380 946 2442 Pausaniae
969 2390 999 2442 et
1019 2380 1106 2442 nobis
1128 2381 1203 2443 lster
1224 2381 1418 2460 servarit¹⁸⁴).

138 2481 190 2561 qui
233 2489 331 2543 autem
370 2479 573 2542 Panathenaea
617 2498 685 2541 cum
731 2479 916 2561 synoecismo
949 2479 1153 2560 coniungenda
1187 2499 1252 2542 esse
1285 2480 1418 2543 arbitrati

239 2672 280 2735 1η)
300 2673 406 2724 eundem
425 2672 540 2723 ordinem
559 2671 602 2722 rel
621 2672 647 2722 in
666 2672 771 2723 vasculo
789 2673 965 2735 cognoscimus
985 2672 1115 2735 Boeotico,
1134 2674 1198 2739 quod
1218 2680 1258 2724 est
1270 2674 1377 2725 Journal
1392 2673 1421 2725 el

138 2754 251 2806 helleuic
269 2755 365 2806 studies
379 2754 389 2805 l
407 2754 457 2805 tab.
469 2752 514 2804 Vll
531 2755 620 2815 (curru
639 2754 731 2804 omisso
745 2755 880 2821 repetitum
893 2755 957 2820 apud
971 2753 1129 2817 Stengelium
1142 2755 1203 2805 lldb.
1219 2755 1269 2806 tab.
1284 2754 1341 2819 14).
1370 2773 1417 2822 qno

143 2837 168 2887 ln
191 2838 278 2888 catino
301 2853 356 2888 cum
378 2850 467 2902 pompa
492 2835 623 2901 nuptialis,
646 2849 710 2900 qnae
732 2835 762 2886 ad
786 2837 953 2906 προιελείων
970 2837 1125 2887 sacrificium
1144 2835 1287 2887 iaciendum
1306 2839 1418 2900 ducitur,

139 2919 207 2985 picta
227 2919 271 2981 sit,
297 2919 466 2984 canephorurn
484 2918 599 2968 videmus
617 2931 681 2983 quae
700 2924 801 2968 taurum
818 2918 957 2981 antecedit,
975 2918 1103 2969 tibicinem
1122 2919 1166 2984 qni
1184 2921 1309 2985 sequitur,
1327 2919 1418 2970 deinde

141 3000 276 3051 nonnullos
295 3000 367 3052 viros
387 3000 510 3066 equibus
529 3015 593 3050 unns
612 2999 727 3050 hirneam
751 3006 845 3066 portat.
886 3001 992 3067 deniqne
1015 3016 1107 3051 enrrus
1126 3016 1181 3051 cunr
1199 3002 1300 3067 sponsis
1320 3009 1346 3052 et
1366 3018 1419 3053 cnm

142 3082 252 3150 parocho
271 3098 359 3147 agmen
378 3081 518 3132 concludit.

243 3164 286 3228 ¹¹⁰)
305 3172 412 3230 uterque
431 3164 495 3230 apud
515 3163 592 3230 llarp.
610 3157 805 3227 Παναθήναια.

240 3246 283 3310 ¹⁸⁰)
302 3261 326 3297 ν.
341 3246 372 3297 11
385 3262 431 3312 sq,
450 3262 474 3298 v.
487 3245 518 3298 21
537 3244 701 3307 (ctutum).

243 3328 287 3392 ¹⁸¹)
306 3328 331 3379 in
350 3328 467 3379 Atthidis
485 3327 553 3378 libro
571 3327 664 3390 altero,
689 3342 768 3395 equo
786 3329 817 3378 de
835 3328 972 3380 sacrifieiis
990 3328 1021 3379 ab
1040 3327 1206 3379 Erichthonio
1226 3328 1366 3391 institutis,
1391 3330 1421 3380 de

141 3409 323 3478 thallophoris,
342 3412 373 3461 de
392 3410 541 3477 canephoria
560 3409 680 3460 nonnulla
699 3418 801 3461 servata
826 3417 884 3460 snnt
905 3411 941 3471 (r.
965 3417 1017 3461 not.
1037 3409 1242 3476 94,120,131).
1279 3426 1311 3460 ex
1335 3411 1421 3461 eodem

140 3492 197 3543 locu
216 3491 335 3552 sortasse,
360 3509 439 3560 equo
467 3492 546 3543 schol.
571 3491 617 3543 Ar.
635 3489 736 3542 Thesm.
760 3491 938 3543 tot=smd
963 3484 1148 3562 κουροτρόφος
1164 3490 1207 3559 γῆ,
1225 3491 1250 3541 id
1270 3493 1335 3556 qnod
1355 3493 1420 3558 apud

142 3574 327 3639 apollodorum
346 3573 377 3625 111
398 3576 429 3628 tt
448 3575 600 3639 invenimus,
628 3573 821 3625 Erichthonium
839 3572 970 3626 Minervae
994 3575 1160 3624 simulacrum
1186 3573 1299 3637 ligneum
1317 3574 1343 3624 in
1362 3589 1421 3625 arce

143 3655 292 3707 instituisse
305 3657 388 3706 fluxit.

242 3736 285 3800 ¹⁸²)
304 3738 382 3789 schol.
395 3738 459 3790 Plat.
470 3737 551 3789 Parm.
561 3755 584 3805 p.
597 3738 643 3789 121
655 3738 805 3806 1,Αρο11οᾱ.
816 3738 833 3788 l.
844 3755 874 3801 ο.,
884 3737 965 3789 schol.
976 3738 1086 3790 hriatid.
1097 3736 1156 3789 11111
1165 3746 1184 3789 t.
1196 3736 1204 3787 l
1215 3755 1237 3805 p.
1253 3737 1309 3798 189,
1321 3737 1337 3786 1
1348 3737 1422 3787 Dind.

243 3818 287 3881 ¹¹⁸)
305 3820 352 3870 boe
375 3821 439 3885 apud
459 3820 618 3871 llellanicum
642 3829 669 3872 et
686 3820 870 3872 Androtioneun
890 3836 919 3870 ea
938 3821 969 3872 dc
989 3836 1064 3871 eausa
1084 3827 1181 3870 certum
1200 3827 1248 3883 est,
1271 3821 1337 3886 quod
1357 3819 1422 3869 llar-

144 3901 260 3967 pocratio
279 3903 310 3951 ad
329 3918 417 3953 nomen
437 3903 625 3953 htuenaenruu
649 3901 741 3954 latrum
766 3902 839 3965 citat,
863 3902 920 3953 veri
938 3903 1022 3953 simile
1040 3903 1105 3969 apud
1124 3901 1303 3953 Philochorunr
1322 3918 1336 3952 e
1356 3902 1422 3952 loeis

142 3983 238 4034 citatis.
275 3984 337 4034 item
356 3999 465 4034 marmor
485 3985 586 4035 Parium
605 3999 693 4035 nomen
713 3983 945 4035 Panathenaeorum
965 3985 1076 4036 exhibet.

242 4065 285 4128 ¹⁸⁴)
302 4064 367 4117 lster
390 4067 454 4132 apud
479 4066 555 4133 llarp.
579 4067 595 4117 l.
615 4083 645 4130 ο.,
677 4066 752 4133 paulo
778 4066 933 4130 accuratius,
967 4067 1011 4118 scd
1031 4067 1091 4118 lstri
1111 4067 1211 4117 nomine
1230 4066 1325 4116 omisso
1346 4065 1421 4117 Pena.

143 4145 198 4198 Vlll
215 4148 240 4211 2,
261 4149 272 4198 1
293 4147 334 4211 (el.
355 4147 500 4199 Wellmanu
524 4150 555 4199 de
573 4148 639 4200 latro
659 4148 825 4200 Callimachio
846 4164 868 4213 p.
882 4149 949 4210 1114).
986 4149 1062 4200 etiam
1084 4149 1132 4199 hoe
1156 4163 1244 4199 nomen
1265 4149 1290 4198 io
1310 4148 1422 4210 Atthide,

143 4229 186 4278 sed
205 4231 293 4295 paucis
312 4238 440 4296 receptum
459 4229 540 4281 luisse
558 4247 587 4282 ea
606 4231 731 4282 decanea
749 4237 819 4296 puto,
837 4232 901 4296 quod
920 4231 985 4281 talia
1004 4232 1100 4293 lingere
1117 4229 1177 4281 lstri
1190 4229 1353 4281 Callimachii
1374 4246 1421 4280 uon

144 4318 214 4361 erat:
247 4327 303 4363 nam
330 4303 486 4383 ἀμάρτυρον
513 4309 596 4366 οὐδὲν
622 4308 716 4364 ἀείδει.
762 4313 863 4363 accedit
889 4314 954 4378 qnod
983 4328 1033 4362 non
1060 4313 1194 4364 historiam
1224 4313 1351 4375 Atticam,
1379 4312 1422 4362 sed

140 4385 275 4526 {quoldum
293 4391 454 4462 συναγωγήν
476 4395 588 4462 scripsit.
625 4409 711 4462 parum
731 4401 790 4443 nuta
808 4400 893 4444 autern
912 4394 1062 4461 protrahere
1081 4395 1252 4446 Alexandrini
1272 4393 1423 4459 gandebant.

143 4491 177 4526 c.
196 4480 250 4526 aot.
265 4476 321 4528 185.
