3128 5100
669 261 891 325 ..16-

138 450 236 503 autem
265 439 352 500 boves
379 436 483 498 artifex
512 443 592 498 tauta
614 436 763 517 diligentia
785 439 990 519 componenda
1020 437 1162 513 distinxit,
1197 447 1232 501 ut
1253 441 1349 502 semel
1371 460 1421 503 ac-

138 548 258 601 curatus
281 556 345 598 esse
368 533 573 613 videatur¹⁰⁰);
595 554 664 597 nam
687 536 771 597 facile
793 546 843 598 aut
860 547 958 599 ternas
973 546 1024 599 aut
1038 537 1143 618 quinas
1158 537 1272 601 hostias
1288 540 1422 622 sculpere

137 638 297 719 potuisset3
331 655 454 716 parvum
477 646 576 697 autem
600 655 759 697 numerum
783 637 874 698 luisse
897 637 965 699 iude
988 638 1092 711 elucet,
1126 639 1205 718 quad
1227 647 1349 718 praeter
1370 640 1422 701 has

139 736 249 798 hostias
272 735 445 797 hecatombe
468 734 614 796 hlinervae
637 732 709 808 (sive
731 735 974 814 Atheniensibus)
997 735 1183 798 afferebatur.
1226 755 1319 816 quare
1342 757 1421 813 eum,

139 837 190 916 qui
213 845 242 897 et
264 834 320 916 ipsi
342 845 372 896 at
393 834 506 897 civibus
529 833 704 896 notissimus
720 843 792 909 erat,
814 853 974 897 numerum
990 853 1106 897 sacrum
1123 834 1266 898 artilimm
1284 846 1421 900 secutum

139 953 204 996 esse
232 942 313 1015 puta.
358 933 409 1012 qui
437 952 584 1013 nusquam
615 932 757 1008 traditum
790 933 840 995 sed
867 943 994 1013 quatuor
1016 934 1110 997 tribus
1133 944 1246 996 veteres
1267 936 1422 1017 erautm).

140 1053 209 1114 erga
232 1031 458 1095 Atheniensium
493 1032 626 1112 ipsarum
661 1032 781 1106 hostias,
815 1051 889 1112 quae
920 1051 1001 1095 more
1023 1034 1118 1113 patria
1141 1033 1171 1095 ia
1193 1033 1290 1115 prima
1313 1054 1424 1117 pompa

139 1133 332 1206 ducebantur,
354 1131 385 1193 in
406 1131 536 1212 zophoro
558 1147 695 1210 agnosco.
733 1150 807 1210 quas
829 1141 928 1194 autem
949 1133 1054 1207 coloni,
1078 1133 1108 1194 id
1123 1142 1169 1196 est
1184 1152 1288 1196 amnes
1304 1134 1424 1216 imperii

139 1232 227 1295 httiai
249 1232 392 1303 civitates,
416 1230 572 1292 mittebant
595 1229 773 1292 horescam
796 1230 910 1305 ovibus,
933 1251 983 1295 eas
1004 1232 1120 1307 artifex,
1147 1232 1198 1312 qui
1221 1234 1309 1295 etiam
1335 1235 1425 1297 heca·

140 1332 261 1395 tambeu
295 1332 395 1392 decem
429 1338 481 1391 aut
513 1328 650 1391 undecim
685 1328 779 1392 bobus
815 1331 937 1412 sculptis
960 1331 1124 1412 exprimere
1146 1331 1279 1407 debebat,
1315 1333 1425 1396 addere

140 1450 201 1492 nan
223 1429 329 1511 patuit.

240 1538 304 1590 tum
321 1527 544 1590 Atheniensium
562 1545 666 1607 magna
682 1527 854 1590 hecatombe
870 1529 900 1590 iu
916 1548 1024 1610 pompa
1040 1530 1270 1612 ducebatur¹⁰²)‚
1293 1531 1423 1613 denique

141 1628 355 1710 posterioribus
379 1627 560 1708 temporibus
575 1627 681 1706 ephebi
696 1627 841 1689 llinarvae
858 1629 1000 1690 Victoriae
1015 1629 1119 1691 bovem
1136 1631 1285 1711 propriam
1302 1631 1424 1692 duxisse

141 1725 343 1803 ridentur¹⁰³).
386 1736 537 1808 praeterea
563 1727 727 1806 antiquitus
755 1747 829 1808 puer
849 1728 1006 1791 laesionum
1030 1729 1061 1790 iu
1085 1749 1192 1810 pompa
1215 1727 1422 1810 portabat¹⁰⁴).

140 1869 354 1880 .,.-.---

242 1939 286 2000 100)
304 1939 362 1989 vide
380 1952 452 2002 quum
471 1938 549 1986 aliter
566 1936 730 1988 hecatomben
750 1937 828 1988 boves
848 1954 903 1988 cum
922 1938 1029 1989 ducibus
1047 1953 1186 2005 expressae
1204 1939 1258 1989 siut
1276 1938 1424 2001 (Michaelis

142 2021 192 2072 tab.
212 2022 251 2082 11,
268 2020 419 2080 tua-tat).
456 2025 589 2084 praeterea
608 2019 733 2083 sculptor,
758 2024 786 2067 ut
808 2020 996 2086 scapbepboros
1014 2028 1133 2070 accurate
1153 2020 1320 2087 exprimeret,
1344 2021 1424 2071 etium

141 2103 207 2153 artis
225 2102 297 2164 leges
315 2101 399 2164 laesit,
417 2114 478 2164 qaas
498 2099 613 2149 amnibus
631 2100 691 2150 aliis
711 2099 775 2150 lacis
794 2102 918 2164 servavit,
937 2100 968 2152 el.
989 2102 1114 2154 uot.13'l.

243 2182 285 2242 ¹⁰¹)
305 2184 343 2233 sia
370 2180 482 2231 sortasse
509 2180 582 2230 baum
602 2196 721 2231 numerus
749 2182 934 2246 intellegendus
957 2190 1004 2232 est.
1041 2183 1084 2233 sed
1105 2182 1245 2235 Clisthcuis
1264 2181 1423 2249 temporibus

142 2265 313 2317 Athenienses
340 2264 388 2314 bac
415 2263 570 2315 sucrificium
596 2264 628 2314 ab
655 2264 732 2315 initia
760 2265 876 2315 tributim
903 2264 996 2316 lactum
1020 2280 1078 2316 esse
1102 2283 1150 2316 nau
1175 2267 1224 2316 iam
1249 2267 1358 2317 scivisse
1383 2265 1425 2317 vi·

143 2349 242 2399 deutur.

243 2425 459 2492 ι01)(111111141
480 2425 692 2491 eleanam
719 2427 766 2478 163
784 2442 810 2478 v.
831 2430 861 2481 16
880 2445 931 2495 sqq.
955 2444 1011 2480 cum
1034 2427 1157 2480 Kochleri
1184 2430 1363 2492 adnotatiaua3
1387 2425 1421 2478 cl.

142 2511 265 2563 Philostr.
284 2510 332 2562 vit.
351 2510 468 2576 Apollan.
489 2509 570 2576 Tyun.
583 2508 616 2560 lV
630 2508 676 2571 2²3
696 2509 722 2560 in
740 2511 852 2575 zaphara
871 2510 1005 2562 Michaelis
1022 2510 1073 2561 tab.
1091 2511 1295 2570 11,1aa-131).

243 2592 286 2660 ¹⁰³)
304 2594 352 2643 huc
375 2592 478 2644 titulum
498 2591 549 2642 Clh
564 2591 585 2642 ll
602 2593 650 2643 471
671 2608 695 2644 ν.
711 2595 742 2645 rt
760 2591 921 2644 referendam
946 2608 1002 2644 esse
1022 2593 1136 2643 conicio:
1162 2591 1373 2660 συντελουμένης
1391 2588 1421 2641 di

140 2678 185 2728 καλ
207 2675 251 2740 τῆς
272 2679 374 2731 θυσίας
396 2671 437 2737 uait
454 2671 567 2736 Ἀθηνᾶι
588 2674 631 2738 eris
654 2678 736 2737 Νίκηι
758 2666 991 2743 συνεπόμαενσαν
1015 2674 1054 2737 (ολ
1070 2674 1179 2742 ἔφηβοι)
1203 2675 1289 2731 καλῶς
1312 2675 1357 2724 καλ
1377 2667 1422 2725 eei·

142 2749 286 2824 σχημιῖνως
307 2756 374 2821 βοῦν
400 2758 616 2823 συμπέμψαντες
639 2757 683 2819 anit
710 2754 785 2806 aaut.
827 2756 932 2806 verbnm
958 2756 1123 2821 compositum
1147 2757 1322 2823 συμπέμπειν
1344 2752 1421 2804 facile

142 2840 316 2901 intellegitur,
343 2837 402 2903 quia
431 2837 583 2902 epheborum
611 2837 672 2887 ardo
701 2837 806 2886 muiarla
826 2852 928 2902 pompae
948 2853 1006 2902 pars
1025 2845 1090 2887 erut.
1136 2853 1190 2887 cum
1218 2845 1301 2887 autera
1328 2848 1422 2886 auare·

140 2920 272 2987 λονμένης
299 2917 345 2980 τῆς
375 2920 475 2974 θυσίας
505 2919 618 2980 dicutur,
651 2917 802 2967 sacrificium
833 2918 915 2982 ipsam
945 2919 1051 2968 maioris
1082 2920 1205 2969 sacrificii
1236 2925 1333 2985 partem
1364 2932 1422 2968 esse

141 3001 313 3052 necessarium
338 3005 386 3050 est.
426 3000 491 3064 quad
515 2999 566 3049 nisi
589 2999 620 3049 de
643 2998 828 3049 Panathenaeis
852 3015 901 3048 uon
927 2999 1041 3048 eudimus
1061 3000 1198 3065 pulcraque
1217 3015 1272 3049 cum
1291 3000 1333 3063 iis,
1358 3014 1423 3064 quae

142 3089 217 3133 uuteu
245 3087 435 3145 enumerantur,
461 3081 627 3131 sollemnibus
654 3081 751 3144 mugnis
780 3081 922 3147 Plyuterils
947 3088 973 3130 et
997 3081 1129 3149 Dionysiis
1156 3082 1334 3133 Panathenaea
1361 3097 1423 3130 cou-

141 3164 256 3215 veniuut.
297 3177 402 3228 quacum
428 3162 557 3212 sacrificia
585 3163 697 3224 minore,
726 3162 791 3227 quad
819 3163 924 3227 primum
952 3161 1067 3229 Lycurgi
1093 3164 1251 3228 temporibus
1278 3162 1422 3212 invenimus

142 3245 207 3308 (ClA
220 3243 239 3294 ll
256 3245 311 3307 163,
330 3245 373 3295 aad
392 3251 464 3294 certa
483 3245 560 3294 simul
578 3260 633 3294 eum
652 3245 724 3293 cultu
743 3245 798 3309 ipsa
812 3245 837 3294 in
851 3234 958 3312 αύργωι
971 3244 1117 3295 institutum
1131 3248 1190 3309 est),
1208 3245 1297 3311 ephebi
1310 3242 1422 3294 lartesse

142 3329 179 3378 itu
197 3327 282 3377 artius
301 3326 432 3376 coniuncti
451 3334 532 3388 eruat,
560 3332 588 3376 ut
616 3341 670 3376 cum
694 3326 794 3390 bovem,
819 3340 882 3391 quae
906 3340 938 3374 ex
961 3324 1110 3376 hecatombe
1138 3327 1272 3377 hliaeavae
1292 3325 1423 3378 Victoriae

142 3409 297 3472 eligebatur,
316 3408 471 3459 deducerent
489 3415 515 3458 et
532 3408 707 3470 immalureat3
726 3408 770 3457 sed
790 3407 816 3457 id
834 3422 930 3473 quoque
950 3407 1004 3457 lieri
1019 3407 1111 3473 potuit,
1131 3414 1158 3457 ut
1171 3409 1299 3474 propriam
1312 3407 1422 3456 hostium

143 3491 169 3541 in
187 3506 275 3556 pompa
294 3491 423 3541 ducerent.
460 3506 506 3541 cur
528 3495 611 3540 eutem
634 3489 723 3555 ephebi
754 3489 804 3554 ipsi
823 3489 956 3540 Minervae
976 3489 1108 3541 Victoriae
1128 3505 1201 3542 sacra
1222 3488 1333 3540 feceriut
1351 3488 1422 3537 ultra

143 3581 257 3639 apparet.

244 3653 287 3712 ¹⁰⁴)
307 3653 387 3703 schal.
406 3651 483 3702 Clam.
503 3653 577 3703 Alex.
591 3651 673 3702 Protr.
688 3668 710 3718 p.
732 3652 770 3716 12,
788 3653 803 3703 6
822 3652 893 3703 Diud.
920 3651 1008 3724 ἔρίωι·
1031 3647 1081 3716 τὴν
1098 3652 1248 3720 λεγομένην
1264 3645 1424 3720 εἰρεσιώνην

144 3739 243 3804 maala,
269 3730 303 3797 ἥν
328 3728 411 3790 οὕτως
436 3733 632 3802 περιειλοῦντες
659 3732 744 3804 laicae
770 3735 815 3784 nal
842 3737 958 3790 σαινλαις
981 3723 1155 3802 ὑφασμάτων
1171 3734 1270 3783 lantum
1286 3759 1320 3766 -
1338 3721 1371 3792 ἦν
1390 3728 1423 3780 δὲ

142 3808 239 3873 κλάδος
266 3810 322 3866 ἀπὸ
348 3817 395 3882 της
414 3819 524 3884 Μαρίας
545 3815 638 3872 ἐλαίας
655 3845 688 3854 -
705 3816 753 3867 nal
770 3807 934 3884 ἀκροδρύοις
952 3819 1094 3871 παντοίοις
1111 3811 1303 3882 περιαρῐῶντες
1321 3807 1423 3874 ἀνῆγον

142 3901 179 3956 ελς
196 3895 344 3970 ἀκρόπολιν
362 3897 405 3962 raia
417 3892 539 3948 Πολιάδι
553 3894 690 3962 Ἀθηναῖοι
705 3890 890 3961 Παναθήναια
908 3893 993 3956 οὕτως
1018 3893 1254 3964 ἐπευφημοῦντες·
1282 3881 1422 3959 εῖρέσιώλή

144 3982 213 4033 σῦκα
236 3981 314 4048 φέρει
333 3980 379 4029 καλ
395 3979 468 4046 μῆλα
486 3980 532 4029 καλ
549 3977 615 4043 ἑξῆς,
635 3980 714 4029 schal.
733 3982 797 4030 Stac
816 3977 894 4031 Theb.
907 3978 927 4030 ll
947 3980 1009 4030 737:
1035 3981 1060 4028 et
1085 3978 1117 4026 ab
1135 3976 1224 4026 artare
1241 3977 1313 4023 casta
1330 3970 1339 4038 ll
1358 3969 1423 4022 aiiaa

143 4068 196 4116 aiae
212 4064 294 4115 laura.
328 4076 375 4130 pra
397 4063 527 4110 inventare
544 4059 572 4110 id
589 4059 655 4125 quad
671 4063 799 4111 inventum
825 4065 871 4111 eat.
906 4076 967 4111 nam
994 4063 1066 4110 casta
1091 4072 1141 4108 nan
1165 4055 1219 4106 alea
1237 4054 1422 4118 scdpllineraa.

142 4147 232 4198 aliter:
245 4149 341 4198 caetum
351 4144 466 4194 arbanam
476 4141 547 4192 dn'oeit
559 4156 623 4207 quae
632 4145 689 4208 past
701 4144 900 4207 quinquennium
910 4144 1020 4193 Athenis
1031 4139 1159 4192 Mineruae
1170 4139 1330 4203 afferebatur
1342 4144 1356 4196 †
1368 4141 1423 4188 tarn

141 4227 301 4295 pestilentiae
318 4229 452 4289 attitulans,
472 4239 546 4290 queam
565 4225 699 4275 uerbenam
717 4228 856 4290 nominant,
874 4228 900 4275 in
919 4240 968 4290 qua
985 4225 1098 4275 amnium
1108 4225 1228 4290 fragrem
1244 4237 1424 4289 poenarumque

142 4311 275 4375 primitiae
293 4306 446 4373 obligabant,
464 4311 494 4356 ut
515 4307 632 4358 &dinus
650 4308 694 4359 ait.
722 4308 787 4356 hana
805 4309 887 4372 igitur
905 4309 1004 4356 cartam
1021 4306 1137 4356 animem
1156 4304 1231 4368 dicit,
1249 4307 1276 4354 in
1294 4320 1344 4369 qua
1359 4317 1424 4370 par-

142 4393 232 4458 pureis
258 4391 370 4440 nauibus
396 4391 481 4441 omnm
502 4405 581 4457 cupra
597 4388 666 4441 clieta
682 4387 838 4457 pendebant,
864 4404 928 4454 quae
944 4390 1028 4437 tamen
1045 4389 1189 4438 interiectu
1205 4386 1303 4437 duodece
1317 4385 1424 4453 pedihus

143 4470 252 4524 candida
268 4472 319 4540 fila
338 4471 560 4525 discriminabant.
580 4476 685 4523 —iem
703 4498 735 4509 -
753 4472 792 4520 ait
811 4485 859 4522 am.
879 4469 907 4536 P,
926 4469 1009 4522 laeum
1028 4477 1173 4537 corruptam
1189 4467 1366 4534 Tiliabragiua
1385 4466 1424 4517 sic
