3126 5056
669 268 891 334 „83-

75 418 105 491 D
142 444 325 509 notissimam
348 444 565 523 significaverit,
595 444 733 508 Craterus
763 447 798 508 de
828 456 890 509 toto
915 467 1036 510 munere
1059 441 1213 530 ἅρκιείας
1236 451 1302 530 egit.
1347 451 1418 513 item

140 542 349 624 Aristophanes
370 563 437 604 oum
461 543 545 610 Jdicat
566 534 641 605 τότ’
664 543 785 623 ἔχουσα
807 544 864 607 τὸν
887 544 1050 627 κροκωτόν
1072 544 1189 625 ἄρκτος
1214 543 1235 630 ἦ
1258 554 1418 631 Βραυρω-

140 642 225 716 ν1οις
249 642 328 724 (hys.
345 642 419 722 645)
447 661 556 704 munus
587 653 682 705 totum
713 643 970 726 complectitur¹⁶).
1017 646 1136 708 maioris
1168 649 1300 710 muneris
1329 649 1419 729 igitur

139 758 207 823 pars
228 741 404 821 canephoria
427 749 499 803 erat.

239 840 345 901 deinde
367 841 530 920 puellarum
552 850 677 903 aetatem
701 861 855 923 perperam
878 843 1043 905 addubitari
1070 844 1333 907 demonstrandum
1363 857 1417 908 est.

139 937 217 1019 quod
252 956 307 999 eur
334 938 549 1000 Mommsenius
583 941 685 1001 lecerit
717 941 816 1011 minor,
851 961 918 1002 cum
950 942 1027 1003 idem
1059 936 1213 1022 oipxaslcv
1242 955 1320 1006 recte
1350 964 1417 1006 cum

114 1036 302 1099 -menstruis
325 1037 483 1116 coniungat
492 1037 538 1109 11).
577 1050 727 1100 menstrua
751 1040 829 1100 enim
853 1041 909 1101 illis
934 1040 1102 1119 regionibus
1117 1042 1153 1104 ab
1168 1061 1245 1103 anno
1261 1044 1419 1104 undecimo

139 1136 202 1199 lieri
231 1137 341 1209 solent3
373 1148 457 1200 antea
488 1139 577 1218 igitur
606 1141 766 1201 cerimonia
797 1160 877 1202 sacra
912 1142 1087 1204 absolvenda
1115 1152 1192 1202 erat:
1230 1160 1321 1220 quare
1350 1142 1419 1202 anni

75 1242 106 1337 b
139 1245 240 1299 sextus
274 1246 304 1297 et
337 1237 469 1299 decimus
503 1248 652 1318 tamquam
687 1239 817 1299 nauneris
853 1239 971 1300 termini
1003 1259 1018 1300 a
1049 1240 1111 1318 lege
1145 1239 1420 1319 praescribebantur·

75 1366 99 1435 3
139 1334 245 1413 (schol.
269 1334 391 1416 Lysistr.
414 1337 498 1414 l.c.).
543 1341 580 1397 cl.
603 1336 715 1398 Gallim.
744 1339 772 1397 in
803 1337 883 1398 llian.
905 1338 940 1399 13
954 1358 998 1417 sq.
1025 1334 1082 1410 δός
1112 1336 1150 1399 δέ
1178 1359 1235 1418 μοι
1266 1334 1420 1420 ἑξήκοντα

75 1454 89 1523 p
139 1430 311 1513 χορίιιδας
330 1430 527 1507 Ὠκεανίνας,
559 1434 671 1507 πόσας
701 1435 855 1508 οἰνέτιας,
886 1433 997 1508 πόσας
1027 1434 1075 1497 ἔτι
1104 1433 1227 1508 παῖδας
1253 1430 1418 1516 ἀμέτρους.

75 1592 82 1611 ,
141 1532 219 1593 uude
241 1531 325 1593 facile
348 1532 410 1593 lieri
433 1533 539 1613 potuit,
571 1545 603 1594 ut
633 1534 745 1613 puellae
768 1535 937 1615 παρθένοι
969 1533 1241 1615 appellarentur¹²).
1286 1545 1418 1597 ceterum

141 1626 281 1691 Herodoti
311 1630 396 1691 verba
421 1631 455 1692 vt
474 1631 534 1692 138
567 1666 604 1676 -—
632 1629 856 1709 Πελασγοὶ-
886 1667 926 1676 „.
950 1627 986 1694 eai
1016 1655 1050 1694 τε
1079 1631 1332 1714 ἐξεπιστάμενοι
1362 1632 1420 1706 τὰς

136 1720 328 1810 Ἀθηναίων
361 1724 459 1809 ὁρτὰς
482 1766 523 1774 -
547 1765 586 1774 -
611 1726 772 1812 ἐλόχησαν
797 1725 964 1811 Ἀρτέμιδι
1000 1728 1035 1791 ἐν
1067 1732 1242 1813 Βραυρῶνι
1276 1726 1420 1808 ἆγοόσας

141 1820 240 1908 ὁρτήν
260 1826 318 1898 τὰς
339 1826 406 1888 τῶν
424 1822 614 1908 Ἀθηναίων
635 1838 802 1904 γυναῖκας.
832 1827 988 1892 ἐνθεῦτεν
1003 1827 1035 1890 δ’
1052 1825 1261 1909 ἁρπάσαντες
1279 1831 1421 1892 τουτέων

142 1922 270 1998 πολλὰς
285 1926 416 2004 οἴχοντο
433 1919 672 1998 ἀποπλέοντες·
697 1930 752 1988 καί
769 1943 874 2008 σφεας
889 1925 922 2000 ἐς
932 1927 1074 2008 Λῆμνον
1089 1922 1268 2005 ἀγαγόντες
1288 1926 1420 1990 παλλα-

142 2021 201 2097 κὰς
223 2011 313 2101 εἶχον
334 2044 350 2085 e
373 2025 529 2086 Plutarcho
552 2027 763 2102 collustrantur
785 2030 847 2105 (qu.
863 2045 905 2106 gr.
922 2026 1017 2106 xxm:
1047 2023 1231 2108 Τυρρηνούς
1254 2043 1339 2107 φασι
1363 2025 1420 2100 τὰς

140 2121 208 2185 suiv
226 2116 418 2202 Ἀθηναίων
440 2125 624 2203 θυγατέρας
649 2125 703 2184 καὶ
735 2135 894 2200 γυναῖκας
916 2123 951 2186 ἐκ
975 2126 1173 2205 Βραυρῶνος
1195 2120 1419 2205 ἁρπάσαντας.

142 2238 210 2283 cum
234 2222 338 2302 puellis
353 2221 443 2300 igitur
457 2223 544 2283 etiam
563 2231 671 2283 matres
686 2232 716 2284 et
731 2241 834 2284 ornnes
849 2224 919 2285 alies
935 2223 1069 2297 feminas,
1093 2241 1166 2303 quae
1181 2242 1319 2303 pompam
1337 2233 1420 2284 erant

142 2329 270 2394 secutae,
292 2331 459 2401 rapuerant.
484 2355 523 2365 —

602 2529 964 2592 OAYMHIEIA.

243 2686 414 2767 olympicis,
447 2705 522 2766 quae
551 2686 732 2758 Pisistratus,
766 2696 909 2765 quantum
943 2685 1061 2765 quidem
1092 2685 1216 2759 uidetur,
1249 2683 1421 2764 instituit¹),

141 2802 207 2871 eam
230 2803 379 2865 pompam,
402 2803 490 2863 quam
515 2784 629 2863 equites
653 2783 871 2845 undevicesimo
893 2782 1089 2845 Munichionis
1113 2783 1158 2843 die
1179 2782 1421 2862 sequebantur²),

141 2882 359 2967 stuiuuonuam
383 2901 447 2944 esse
470 2883 531 2943 veri
554 2882 738 2943 simillimum
761 2882 849 2961 est⁸).

243 2980 352 3061 quain
377 3000 483 3062 pompa
506 2992 586 3043 certo
609 2983 644 3052 ei,
674 3000 749 3060 quos
776 3000 822 3042 res
846 2981 959 3060 publica
982 2980 1168 3041 Atheniensis
1192 2979 1251 3040 lovi
1273 2979 1421 3047 ollerebat,

143 3077 233 3142 bores
255 3079 341 3141 multi
363 3079 578 3155 ducebantur⁴t
603 3098 698 3158 neque
728 3080 916 3158 magistratus
945 3097 1013 3140 cum
1036 3077 1148 3139 civibus
1171 3076 1272 3139 multis
1294 3077 1422 3139 defuisse

242 3284 275 3347 ¹³)
293 3285 337 3336 sed
357 3284 542 3350 canephoriurn,
569 3299 633 3349 quse
650 3284 767 3349 sequitur
785 3283 849 3350 apud
871 3283 1075 3348 Aristophanem,
1103 3298 1116 3331 ι
1136 3281 1285 3332 Brauroniis
1304 3295 1423 3346 separen-

143 3367 199 3419 ean
222 3382 279 3418 esse
306 3382 401 3417 evoco
420 3367 488 3416 ποτέ
508 3367 605 3416 elucet:
632 3359 844 3432 κάκανηφόρουν
859 3364 921 3415 ποτ’
939 3356 1008 3414 οὖσα
1027 3364 1092 3420 παῖς
1108 3358 1175 3427 καλὴ
1194 3359 1279 3428 'love'
1300 3352 1424 3428 ἰσχάδων

143 3442 159 3500 ὃ
217 3440 278 3501 eir.

160 3464 217 3519 w
245 3529 276 3594 ¹⁸)
295 3545 317 3596 p.
331 3528 390 3591 453,
404 3529 428 3593 6,
446 3528 505 3591 459,
518 3530 541 3579 4.
569 3529 635 3579 illud
648 3525 706 3578 alre
724 3529 749 3578 in
764 3529 944 3592 Aristophanis
958 3543 1035 3579 versu
1047 3525 1116 3589 645,
1135 3525 1159 3574 in
1179 3540 1228 3591 qno
1242 3524 1423 3575 Mommsenius

142 3612 241 3675 lueret,
260 3610 324 3661 nihil
343 3611 516 3673 demorastrst3
535 3611 609 3660 cuius
629 3610 668 3660 vis
687 3610 836 3674 temporalis
855 3624 885 3659 es
904 3609 1022 3659 (lemnes
1036 3607 1165 3671 arguenda
1179 3622 1226 3657 nou
1240 3606 1423 3669 videturesse,

142 3694 206 3760 quod
227 3693 324 3743 dnobus
343 3693 488 3743 muneribus
507 3693 580 3742 anuis
598 3693 678 3742 certis
696 3692 860 3742 absolvendis
880 3690 983 3740 tertium
1002 3690 1104 3741 additur
1116 3704 1180 3740 enno
1200 3689 1302 3740 omisso.
1330 3702 1423 3737 versus

142 3775 219 3839 enlm,
238 3774 327 3840 quibus
346 3781 420 3841 poete
438 3790 541 3825 munera
561 3781 700 3836 enumerat,
718 3773 834 3837 legimus,
854 3788 903 3822 uon
923 3771 1101 3822 calendarium.

244 3855 275 3912 ¹'l
294 3858 325 3907 sb
343 3871 409 3906 suno
428 3857 576 3907 duodecimo
594 3856 694 3922 puellae
709 3854 834 3905 llomense
848 3854 984 3919 nubebant,
1003 3869 1184 3920 nonnumquam
1197 3853 1274 3904 etism
1287 3857 1372 3912 entes,
1390 3847 1423 3899 cl.

143 3934 210 3988 Phth
230 3947 368 4005 comparat.
389 3938 503 4006 Lycurgi
522 3954 576 3988 oum
595 3937 675 3988 Numa
695 3936 737 4000 lV,
757 3937 886 3987 Rossbach
904 3935 989 3986 lloem.
1009 3936 1064 3986 Ehe
1084 3953 1105 4001 p.
1118 3936 1176 3985 ⁴ll'l.

245 4021 265 4082 ¹)
284 4021 314 4071 de
329 4019 505 4071 Wilsmowitr
524 4020 624 4071 llomer.
644 4019 744 4071 Unters.
764 4034 787 4084 p.
802 4018 861 4081 209,
880 4019 969 4070 llusolt
987 4017 1031 4068 Gr.
1051 4015 1142 4068 Gesch.
1161 4032 1184 4082 p.
1198 4016 1256 4065 343.
1292 4010 1324 4064 ci.
1343 4010 1422 4063 Theo.

142 4098 210 4154 ute
228 4100 351 4153 ultre.

245 4181 265 4244 ²)
283 4182 349 4235 Plut.
369 4182 446 4235 Phoc.
464 4180 599 4234 xxxvtt.

245 4263 264 4325 ³)
283 4265 421 4317 Mommsen
441 4281 463 4332 p.
476 4266 535 4327 466,
554 4264 656 4327 stengel
676 4279 699 4330 p.
714 4263 772 4326 212,
793 4263 1003 4314 Preller·llobert
1021 4260 1030 4311 l
1049 4277 1072 4327 p.
1087 4259 1145 4322 132,
1157 4258 1181 4309 2.

245 4346 265 4402 ‘l
284 4345 338 4398 Clh
356 4345 378 4398 ll
392 4348 466 4398 141Α
486 4345 545 4397 les
564 4354 590 4396 et
608 4346 632 4396 b.
668 4346 767 4410 equites
794 4345 865 4396 solos
892 4359 1004 4413 pompam
1032 4341 1186 4402 instituisse,
1211 4352 1265 4389 rem
1288 4350 1379 4389 novem
1397 4341 1423 4385 et

143 4428 285 4481 harditum
303 4429 461 4481 ePlutsrchi
474 4429 561 4479 verbis
580 4428 705 4490 colligere
724 4443 772 4477 uon
792 4441 934 4492 possumus.
957 4440 1013 4475 cum
1032 4425 1098 4475 euim
1115 4428 1219 4489 praeter
1231 4419 1332 4486 equites
1350 4431 1423 4467 nemo

142 4509 290 4575 Phocionis,
308 4516 337 4562 ut
354 4528 369 4564 s
386 4510 468 4580 plebis
487 4510 650 4562 multitudine
667 4509 836 4570 condemnati,
860 4516 967 4559 mortem
985 4505 1135 4569 inseruerit,
1152 4500 1305 4555 Platsrchus
1323 4498 1423 4566 equites

1229 4594 1263 4653 6*
