3126 5056
669 267 887 330 ..yp-

139 445 263 508 lemiuas
296 445 351 506 boc
382 463 503 506 munere
526 463 591 506 esse
614 443 731 505 iunctas
752 443 915 525 putandum
940 453 986 504 est
1008 451 1037 503 et
1059 441 1139 512 item,
1173 450 1262 522 atque
1292 443 1357 506 aliis
1386 444 1414 510 in

138 544 255 626 pompis
287 543 453 624 oenophori,
487 543 575 604 etiam
608 542 673 603 illae
706 541 736 603 in
764 541 860 623 primo
881 541 998 620 agmine
1019 540 1157 603 ridentur
1179 541 1361 622 processisse
1370 542 1416 621 ¹²).

140 653 202 704 tum
227 642 453 723 hydrophoriam
477 642 535 703 huc
557 641 740 703 referendam
764 659 829 702 esse
845 641 906 701 reri
920 638 1016 701 simile
1031 636 1135 718 est²⁸lt
1158 659 1208 701 eas
1230 639 1322 719 igitur
1344 659 1418 721 quae

139 741 255 821 chytras
277 740 434 820 portabant
456 740 582 801 laminas
604 738 794 820 hydriapbori
815 741 939 800 fortasse
954 737 1162 817 sequebantur.
1196 738 1304 800 deinde
1324 738 1419 820 plebis

140 857 209 918 grex
231 839 308 900 uaria
330 837 550 920 procedebat¹⁹l
571 856 770 920 pompamque
792 837 972 898 conclusisse
993 837 1108 917 equites
1131 836 1322 914 ridentur⁸⁰).

684 1046 873 1090 excursus.

554 1140 596 1201 de
618 1141 779 1202 vasculis
803 1138 1002 1202 Bacchicis.

239 1278 296 1340 iam
326 1280 362 1341 ad
385 1278 491 1340 Raccbi
513 1297 629 1340 carrum
654 1278 796 1352 navalem,
827 1277 878 1358 qui
902 1277 997 1340 tribus
1020 1277 1050 1338 iu
1073 1278 1192 1360 scyphis
1214 1278 1314 1341 colore
1336 1279 1421 1360 nigro

138 1376 226 1457 pictis
248 1377 384 1448 occurrit,
407 1374 616 1453 redeamus⁸¹).
649 1396 724 1456 quos
747 1385 882 1438 accurate
904 1377 1135 1457 interpretemur
1150 1377 1352 1440 necessarium
1368 1389 1421 1440 cst.

65 1461 67 1464 Α
139 1494 243 1537 omues
276 1485 374 1537 autem
409 1475 535 1537 eundem
568 1493 685 1536 carrum
719 1475 858 1536 exhibent
888 1477 1030 1548 navalem,
1066 1475 1097 1536 in
1120 1495 1180 1556 quo
1203 1476 1336 1538 llaccbus
1358 1476 1422 1558 ipse

140 1593 208 1635 cum
233 1574 289 1634 vite
312 1573 394 1635 sedet
416 1582 446 1635 et
467 1573 551 1634 sileni
575 1572 682 1651 singuli
707 1573 857 1652 utrimque
880 1572 960 1634 tibiis
983 1583 1102 1636 canunt.
1136 1592 1225 1654 quem
1248 1593 1367 1636 carrum
1391 1575 1422 1636 iu

138 1673 236 1754 primo
258 1691 324 1733 vase
346 1671 405 1732 duo
428 1671 511 1732 sileni
536 1671 665 1743 trahunt,
689 1690 772 1751 puer,
794 1671 900 1732 deiude
922 1672 997 1733 duae
1017 1672 1153 1745 feminae,
1176 1673 1304 1753 denique
1327 1673 1422 1747 tertia,

139 1790 215 1852 quae
237 1770 295 1831 liba
316 1770 346 1831 in
363 1771 578 1850 capiteportat
601 1780 784 1850 sequuntur;
807 1780 907 1832 utrum
925 1780 1024 1832 autem
1041 1771 1100 1832 duo
1115 1771 1211 1845 sileni,
1234 1771 1286 1852 qui
1303 1783 1421 1834 taurum

139 1870 263 1940 ducunt,
296 1868 327 1929 in
349 1868 445 1948 primo
468 1886 505 1928 an
527 1867 562 1929 in·
581 1868 684 1930 ultimo
707 1868 824 1948 agmine
847 1870 1017 1949 procedant,
1050 1889 1082 1931 ea
1106 1871 1142 1932 de
1164 1889 1250 1932 causa
1273 1879 1354 1932 certe
1376 1870 1420 1932 ‹li-

138 1967 261 2029 iudicari
294 1966 409 2046 nequit,
442 1966 522 2044 quod
555 1966 669 2046 pictura
702 1986 849 2047 nusquam
884 1967 1049 2049 interrupta
1084 1979 1178 2030 totum
1209 1987 1259 2030 ves
1293 1970 1424 2031 circum·

139 2062 286 2145 cingit⁸¹).
330 2074 431 2125 contra
458 2064 489 2124 iu
518 2065 628 2144 scypho
650 2066 741 2127 altero
763 2085 881 2127 carrum
905 2067 1037 2128 naualem
1061 2086 1150 2128 nemo
1173 2067 1263 2129 trahit
1286 2077 1423 2130 taurum·

139 2183 197 2244 que
229 2182 246 2224 a
279 2181 361 2223 carro
395 2171 560 2242 separatum
594 2162 625 2222 in
652 2163 741 2224 altera
764 2163 874 2226 vasculi
896 2176 978 2245 parte
1008 2165 1139 2245 quinque
1162 2165 1216 2226 riri
1248 2165 1375 2239 ducunt,
1407 2185 1423 2228 e

140 2262 249 2342 quibus
284 2279 361 2323 unus
396 2260 476 2322 tibiis
510 2261 596 2321 cauit.
643 2261 720 2323 tertii
750 2272 848 2324 autem
872 2264 974 2343 scyphi
998 2266 1159 2343 fragmenta
1183 2263 1280 2327 solurn
1304 2283 1422 2327 carrum

139 2363 271 2425 navalem
295 2360 456 2423 continent.

247 2459 355 2540 quibus
379 2457 501 2540 picturis
523 2458 594 2538 quid
617 2458 807 2540 exprimatur,
831 2459 991 2522 rideamus.
1035 2479 1069 2523 ac
1090 2460 1220 2542 primum
1242 2460 1364 2541 quidem
1387 2479 1424 2524 ue

143 2635 206 2685 >ecit
233 2632 333 2684 lielule
360 2638 390 2684 us
414 2631 572 2696 Stratonice,
600 2632 734 2682 Situ-Ber.
754 2633 776 2682 1.
797 2631 862 2683 llerl.
881 2631 961 2684 Atat.
982 2633 1047 2685 1899
1066 2650 1089 2700 p.
1102 2634 1170 2698 180).
1206 2635 1272 2701 quod
1298 2641 1383 2686 auteur
1408 2648 1422 2685 e

140 2716 297 2766 scholiastae
326 2714 412 2764 verbis
438 2717 565 2778 γυναῖκες
593 2715 695 2777 σεμναί
719 2729 789 2770 τινες
814 2713 991 2766 llonmsauius
1018 2716 1150 2767 concludit
1176 2732 1199 2783 p.
1213 2716 1272 2768 3911.
1299 2731 1422 2780 gesseras

140 2797 243 2864 chytras
262 2804 377 2862 portasse
396 2802 464 2846 stare
484 2810 533 2844 nou
553 2800 645 2860 potest.
682 2810 737 2845 uam
757 2796 865 2861 primum
891 2809 1013 2858 geraerae
1033 2797 1168 2848 Bacchicaa
1186 2813 1201 2848 a
1219 2799 1329 2866 Chytris
1347 2813 1422 2866 sapa·

140 2878 234 2928 caudae
257 2885 325 2938 suut,
352 2885 405 2927 turn
429 2890 461 2926 ex
479 2875 660 2941 Aristophanis
680 2877 767 2926 verbis
786 2877 853 2945 φέρε
870 2878 977 2943 σεμνῶς
994 2878 1150 2929 scholisstaa
1169 2880 1289 2930 videntur
1307 2881 1422 2932 fluxisse.

241 2958 273 3021 17)
292 2955 504 3024 προοδοποιεῖν,
523 2957 603 3007 schol.
619 2956 692 3009 1191.

240 3039 273 3102 2⁸)
291 3055 323 3090 cx
342 3039 478 3104 Apollonio
497 3039 653 3090 Acharneusl
673 3039 850 3107 lexicographi
868 3038 954 3102 (Phoc.
973 3056 994 3090 s.
1005 3058 1039 3104 v.,
1057 3039 1089 3092 cl.
1104 3043 1225 3094 Χαλκεῖα
1243 3043 1284 3106 (ela
1295 3042 1422 3094 Wilarue·

141 3121 202 3171 wita
215 3117 347 3189 liydatheu
364 3137 386 3187 p.
400 3122 457 3184 155,
468 3120 511 3184 11)
524 3142 556 3161 --
570 3119 638 3170 Suirl.
652 3143 685 3161 =
701 3121 740 3171 Et.
754 3120 797 3185 11,
817 3123 922 3172 brevius
936 3121 1008 3185 lies.)
1025 3123 1088 3172 banc
1106 3124 1217 3186 glossam
1234 3131 1420 3176 servaverunt:

140 3198 306 3270 ὑδροφορία·
333 3197 412 3271 ἑορτὴ
440 3201 578 3267 πένθιμος
593 3191 738 3266 Ἀθήνησιν
756 3201 801 3253 ἐπὶ
827 3205 883 3258 τοῖς
905 3199 935 3255 έν
953 3202 999 3253 sair
1019 3204 1212 3272 aurasicensis
1229 3198 1421 3272 ἀπολομένας.

140 3298 245 3348 quaeum
268 3284 375 3334 Carolus
395 3282 421 3333 F.
441 3282 598 3332 hermannus
626 3281 670 3332 Gr.
690 3285 748 3333 Aut.
767 3282 787 3333 Il
806 3282 877 3349 §⁵82
891 3285 923 3334 11
951 3292 978 3336 et
1004 3284 1136 3336 Plutarchi
1160 3287 1240 3339 verba
1266 3287 1331 3338 Sull.
1350 3286 1419 3339 xlv.

134 3360 361 3431 Ἀνθεστηριῶνος
377 3357 466 3432 μηνὸς
484 3361 514 3415 ἓν
531 3348 565 3413 ὧι
582 3359 648 3413 κατὰ
669 3357 752 3429 τύχην
768 3359 953 3432 ὑπομνήματα
971 3362 1056 3417 πολλὰ
1074 3367 1122 3419 τοῦ
1140 3363 1189 3419 διὰ
1206 3365 1421 3437 ιὴνΙπομβρέαν

141 3443 258 3514 ὀλέθρου
276 3449 321 3497 καὶ
339 3445 384 3509 τῆς
402 3446 513 3513 φθορᾶς
536 3445 636 3510 ἐκείνης
658 3443 761 3513 δρῶσιν
779 3472 810 3482 —-
829 3453 856 3496 et
875 3445 1013 3499 Pausaniae
1031 3448 1115 3499 locum
1133 3465 1155 3500 s.
1168 3466 1190 3501 c.
1209 3449 1351 3502 coniunxit.
1386 3448 1420 3502 ci.

141 3526 227 3578 liobde
246 3527 343 3594 Psyche
354 3525 384 3577 ²l
402 3543 424 3593 p.
439 3527 497 3586 138,
509 3526 534 3590 θ,
553 3526 657 3589 Staogal
679 3525 738 3575 lldb.
759 3542 781 3591 p.
795 3526 851 3578 111.
872 3528 949 3579 etiam
967 3530 997 3578 ad
1013 3530 1100 3581 lliasia
1113 3531 1312 3598 hydropberiara
1324 3529 1420 3583 referri

142 3624 214 3675 poasc
232 3609 412 3661 hlomuascaios
440 3615 528 3659 causet
554 3624 577 3674 p.
591 3608 649 3658 111.
678 3608 721 3659 scel
739 3608 833 3674 Chytri
863 3609 1025 3676 praeferendi
1044 3612 1165 3664 videatur
1183 3627 1252 3675 csse;
1280 3627 1337 3663 uasa
1355 3611 1420 3679 quud

141 3691 289 3752 schellam,
315 3707 369 3741 cum
388 3690 542 3756 Chytrorum
569 3691 661 3740 aetium
689 3688 882 3757 cheoporupo
910 3699 1007 3756 narret,
1033 3693 1240 3761 hydrophorian,
1266 3709 1331 3760 quse
1355 3695 1419 3761 apsel

141 3772 338 3838 Aristophaneus
358 3779 473 3836 nonest,
493 3772 600 3832 omittit,
619 3780 795 3837 argumentum
815 3788 828 3822 e
846 3773 954 3824 silentio
974 3782 1089 3826 nonest.

241 3853 273 3916 ²⁹)
292 3849 307 3903 ὁ
325 3849 555 3920 κραιπαλόκωμος
572 3851 647 3903 λαῶν
665 3848 755 3920 ὄχλος.

242 3933 275 3996 ³⁰)
293 3936 357 4001 quod
377 3933 516 3984 lloechbios
534 3933 743 3985 Staatsbsusbalt
766 3933 806 3985 lll
825 3952 848 4002 p.
864 3939 893 3988 ll
912 3953 926 3987 e
945 3939 985 3990 tit.
1006 3937 1059 3990 clu
1074 3939 1130 3990 111.
1149 3939 1276 4004 coniecit3
1304 3955 1360 3992 usar
1381 3939 1420 3992 10.

143 4015 351 4066 Authesteriooia
369 4016 410 4066 elic
429 4015 558 4080 equitibus
577 4014 662 4080 pabuli
681 4017 786 4082 paeonis
805 4019 963 4071 solvebatur.

243 4095 276 4156 ³¹)
298 4099 317 4149 l.
337 4097 446 4164 scyphus
460 4097 627 4149 Bononiensis
645 4097 710 4148 nos.
724 4097 780 4150 ltal.
795 4099 816 4151 ll
834 4099 901 4152 cla
915 4101 1021 4167 (Brixis)
1032 4126 1066 4144 =
1079 4117 1143 4154 mus.
1156 4103 1226 4154 rbau.
1240 4099 1324 4155 xum
1336 4119 1358 4172 p.
1369 4102 1420 4155 315

144 4177 305 4233 tllueururlerl
318 4201 352 4220 ==
365 4178 462 4230 Usener
480 4179 679 4244 Siutfluthsageu
698 4196 721 4246 p.
737 4181 784 4233 111
803 4183 842 4243 ὓς.
857 4182 880 4232 3.
899 4211 932 4220 -
951 4183 974 4234 2.
996 4184 1106 4251 scyphos
1125 4185 1247 4236 herensis
1264 4183 1350 4236 ludica
1367 4192 1420 4237 ast.

143 4259 169 4309 11
188 4259 255 4309 Aere
274 4265 292 4307 t.
307 4258 394 4311 xxvi
407 4284 440 4302 =
453 4260 569 4311 Pauclha
589 4263 646 4311 vasi
665 4262 691 4310 di
711 4262 805 4326 premio
824 4269 842 4311 t.
855 4261 888 4314 lV
901 4286 935 4305 =
947 4263 1084 4329 loghirami
1102 4266 1159 4316 rasi
1181 4265 1229 4317 mc
1243 4265 1252 4317 l
1268 4264 1420 4330 tXXXffl,

143 4337 162 4376 ¹*
235 4338 336 4391 'usses
355 4342 381 4392 iu
400 4344 444 4393 the
463 4341 526 4392 Brit.
546 4341 610 4392 llus.
629 4340 735 4391 111119.
760 4369 792 4378 -
815 4342 839 4391 3.
863 4345 973 4411 scyphus
991 4345 1156 4400 Atheniensis
1174 4347 1201 4398 iu
1220 4362 1280 4400 arce
1299 4355 1420 4416 repertus

299 4423 317 4486 l,
336 4423 409 4474 cuius
427 4423 597 4491 apographum
615 4421 800 4474 llclbrueclius
820 4439 890 4476 rurus
908 4427 987 4476 misit.

323 4518 394 4556 arun
413 4505 439 4557 iu
458 4505 539 4571 prino
557 4505 659 4570 agmine
677 4504 734 4558 duci
755 4505 882 4570 conicias;
900 4507 964 4573 quod
983 4507 1081 4560 bricius
1099 4511 1243 4579 proposuit.
