3126 5056
707 270 927 334 -g4-

179 445 375 506 censebimus.
419 463 487 505 cum
518 456 618 506 antem
640 465 697 525 qna
721 446 766 506 ris
788 465 896 526 pompa
917 447 1005 507 ducta
1026 446 1076 515 sit,
1105 464 1165 506 non
1189 445 1332 519 tradetur,
1361 455 1459 509 lamen

179 562 233 624 per
253 544 350 605 lorum
374 551 405 604 ct
425 562 479 623 per
499 543 576 605 riam
598 546 766 625 pompieam
788 545 824 606 ad
847 546 949 607 ΙΗειιιιι
972 544 1089 607 ridetur
1108 544 1333 625 processisse⁸).

662 821 984 886 ΘΑΡΓΗΛΙΑ.

811 987 833 1048 l.

280 1144 297 1185 ε
319 1124 435 1186 duobus
456 1123 626 1186 cerimoniis
648 1125 784 1186 discretis
806 1126 886 1189 inter
906 1145 939 1187 se
957 1126 1110 1204 'l'bargeiin
1132 1125 1318 1188 consubaul.
1348 1134 1464 1187 utram·

180 1241 239 1302 que
271 1233 370 1284 autem
405 1224 599 1285 Athenienses
629 1224 668 1284 ita
702 1224 903 1296 celebrabant,
936 1235 971 1286 ut
1002 1244 1140 1307 pompam
1174 1225 1376 1287 instituerent.
1430 1243 1464 1286 ac

180 1321 312 1402 primum
334 1321 454 1402 quidem
477 1333 561 1384 sexto
580 1322 783 1402 Thargelionis
805 1324 851 1384 die
873 1324 1102 1403 pharmacorum
1125 1342 1232 1405 pompa
1254 1322 1465 1394 ducebatur¹);

180 1419 217 1480 de
239 1439 296 1500 qua
319 1420 487 1481 testimonia
509 1440 544 1482 eo
567 1421 757 1492 coureniuut,
780 1433 814 1483 ut
835 1440 973 1502 pompam
996 1441 1220 1501 cognoscamus,
1242 1439 1302 1501 qua
1323 1421 1384 1482 dno
1400 1420 1464 1494 riri,

180 1518 233 1598 qui
255 1519 317 1580 licis
339 1530 424 1580 erant
445 1519 584 1593 redimiti,
607 1519 699 1598 nigris
721 1520 796 1582 alter
817 1540 872 1602 pro
894 1521 973 1594 viris,
1003 1522 1078 1582 alter
1098 1521 1173 1582 albis
1195 1540 1250 1601 pro
1271 1520 1403 1592 leminis,
1431 1538 1465 1581 ea

181 1616 219 1678 de
247 1634 334 1678 causa
363 1636 400 1678 ex
428 1618 501 1678 urbe
530 1618 740 1691 educebantur,
772 1628 806 1680 ut
834 1630 930 1680 totum
952 1620 1096 1700 populum
1119 1628 1281 1700 purgsrent
1301 1629 1392 1698 atque
1412 1637 1465 1680 ex·

182 1714 298 1796 piarent
318 1725 349 1776 et
369 1726 470 1796 pestes
491 1715 700 1795 avertereut¹).

282 1815 333 1894 qui
356 1833 421 1876 mos
445 1826 504 1877 tam
527 1815 653 1895 simplex
671 1824 727 1888 est,
751 1825 785 1877 ut
797 1815 1035 1896 explanationem
1051 1814 1212 1876 labularem
1228 1833 1288 1876 non
1303 1813 1465 1888 desideret3

182 1931 271 1993 qusm
293 1925 438 1993 qnantum
462 1914 645 1994 religionen
668 1914 847 1995 poposcerit,
876 1914 944 1976 inde
965 1925 1096 1996 apparet,
1125 1913 1207 1995 qnod
1234 1913 1308 1975 aliae
1330 1915 1466 1975 iuventas

184 2029 244 2072 non
278 2022 357 2084 sunt,
391 2023 479 2092 atque
510 2030 553 2082 ea,
586 2031 661 2091 quae
694 2022 741 2074 est
773 2013 810 2074 de
842 2013 935 2093 pestis
967 2014 1134 2094 expiatione
1166 2020 1235 2093 post
1262 2011 1467 2090 Androgeouis

183 2107 326 2186 nccem‘),
348 2120 401 2171 aut
421 2110 486 2180 ista,
508 2128 583 2189 quae
605 2129 622 2171 e
644 2111 764 2172 nomine
786 2123 904 2191 sumpta
926 2109 1012 2188 est¹).
1049 2111 1143 2172 immo
1165 2110 1249 2172 facile
1267 2109 1467 2188 intellegimus

182 2218 295 2269 aestate
323 2209 453 2282 ineunte,
486 2227 561 2288 quae
591 2221 621 2270 et
650 2228 777 2271 messem
808 2211 932 2290 praehet
959 2221 990 2272 et
1018 2222 1119 2290 pestes
1147 2209 1297 2282 subducit,
1330 2209 1467 2270 homiues

183 2308 332 2368 civitatem
367 2318 458 2368 totam
493 2310 533 2372 ita
566 2330 692 2391 purgare
723 2312 859 2386 voluisse,
895 2323 929 2374 nt
960 2313 1042 2375 omui
1070 2313 1321 2374 contaminatione
1349 2311 1468 2373 duobus

184 2405 300 2467 vicariis
322 2404 493 2469 substitutis
515 2409 653 2490 imposita
675 2422 774 2492 pestes
796 2421 828 2472 et
849 2413 1034 2473 sterilitatem
1057 2422 1202 2473 arcerent.

284 2506 363 2585 quod
386 2524 454 2566 oum
478 2507 570 2581 heret,
602 2520 704 2571 unum
733 2510 885 2590 pharmaci
915 2511 1062 2572 interlecti
1091 2511 1152 2572 siut
1180 2529 1217 2572 au
1240 2509 1365 2591 expulsi,
1394 2527 1469 2570 num

187 2605 310 2666 Athenis
340 2624 467 2685 quoque,
501 2610 579 2688 quod
609 2610 674 2671 aliis
703 2610 775 2672 loeis
805 2615 915 2672 lectum
937 2631 1002 2673 esse
1032 2611 1198 2687 traditur⁸),
1232 2609 1321 2689 virgis
1354 2607 1470 2668 ficulnis

186 2704 322 2783 flagellati
344 2705 413 2777 siut,
437 2709 596 2770 nescimus.
641 2709 775 2771 tibicines
797 2720 896 2770 autem
918 2710 1040 2771 Athenis
1062 2729 1182 2789 quoque
1203 2709 1332 2770 adfuisse
1353 2717 1470 2768 certum

186 2814 241 2865 est
275 2803 402 2881 denique
426 2817 525 2867 utrum
550 2808 673 2870 malefici
695 2809 809 2870 luerint
829 2827 867 2869 an
889 2827 1012 2888 corpore
1036 2819 1148 2890 turpes,
1173 2818 1207 2869 ut
1228 2806 1333 2868 conlisi
1355 2807 1470 2886 nequit,

186 2904 227 2966 ita
249 2904 345 2983 exigui
370 2906 513 2967 momenti
535 2916 590 2977 est,
613 2907 692 2988 qnod
709 2906 817 2970 Graeci
839 2906 932 2968 animi
953 2917 984 2968 et
1005 2907 1138 2987 corporis
1163 2905 1233 2967 vitia
1254 2923 1373 2984 semper
1393 2905 1472 2966 inter

188 3023 220 3065 se
244 3003 448 3080 miscebaut⁸).

288 3106 323 3166 de
357 3123 482 3186 pompae
511 3105 557 3164 ria
589 3113 677 3185 atque
706 3106 765 3166 fine
796 3123 864 3167 cum
895 3104 969 3165 nihil
998 3103 1140 3166 traditum
1170 3101 1219 3173 sit,
1253 3111 1352 3163 tamen
1376 3119 1470 3163 uuum

187 3205 291 3267 saltem
320 3203 463 3284 Apollinis
493 3221 610 3264 sacrum
641 3214 751 3265 tactum
781 3222 847 3264 esse
876 3203 1074 3265 censebimus.
1118 3220 1187 3264 cum
1217 3211 1317 3263 antem
1346 3199 1388 3274 ei,
1418 3198 1472 3279 qui

188 3452 260 3503 solos
278 3451 494 3503 commemoravit.
529 3463 592 3511 crgo
609 3447 709 3512 equites
734 3462 847 3513 pompant
866 3448 987 3498 nniorern
1005 3449 1186 3514 sequebantur.
1222 3447 1303 3498 bores
1320 3453 1406 3497 neten
1423 3445 1471 3496 hnc

189 3535 215 3584 in
234 3549 321 3600 pompa
340 3534 431 3585 ductos
449 3547 505 3585 esse
523 3547 557 3582 ex
575 3531 685 3582 aliern·
704 3544 848 3595 pomparum
866 3531 1037 3581 similitudine
1055 3529 1180 3596 seqnitur.

287 3614 308 3675 ⁶)
327 3613 359 3666 ei.
379 3615 506 3665 uenatu.
525 3611 591 3663 XXI
605 3614 660 3673 tlt,
682 3611 820 3662 Pnanlhcn.
839 3620 892 3662 not.
908 3612 965 3663 164.

291 3698 311 3762 ¹)
330 3697 401 3758 llice.
422 3696 508 3745 Laert.
527 3693 549 3745 ll
561 3696 603 3745 Al.

289 3779 309 3839 ἰ
327 3777 392 3828 lster
409 3777 435 3828 in
455 3777 572 3844 epiphan.
591 3776 659 3827 libro
679 3774 696 3826 Ι.
719 3776 785 3842 apud
809 3777 885 3843 llnrp.
905 3773 1054 3846 qnppnnr'e
1072 3781 1114 3837 (-—-
1126 3775 1217 3839 Seis),
1244 3773 1378 3824 lisllndins
1404 3772 1470 3840 npnd

189 3862 262 3914 Phot
281 3860 344 3911 bibl.
362 3861 418 3911 eod.
438 3860 496 3911 ²79.
515 3876 538 3925 p.
551 3860 601 3909 bil
621 3858 727 3910 bekker.

288 3945 310 4008 ⁸)
328 3942 428 3993 llellnd
446 3943 499 3992 Le.

288 4025 310 4083 ⁴)
328 4023 395 4075 lstsr
411 4023 476 4086 lc,
493 4022 525 4074 cl.
543 4021 642 4075 Usener
660 4023 728 4073 Sto!
744 4023 767 4072 d
784 4023 882 4087 griecb
901 4022 969 4090 lipsa
987 4039 1009 4088 p.
1023 4025 1113 4090 A'lnq,
1132 4023 1203 4090 bhsq

289 4106 311 4168 ⁸)
330 4105 389 4157 lies.
406 4103 518 4176 κραδίης
535 4098 627 4172 νόμος,
647 4104 753 4170 llippon.
773 4103 805 4156 lr.
817 4106 894 4166 t-s,
906 4107 953 4167 373
972 4104 1004 4156 el.
1024 4106 1083 4156 lles.
1101 4102 1272 4172 xpedpoqus.

288 4188 310 4249 ⁸)
327 4187 404 4237 haias
421 4189 509 4252 noris,
525 4187 567 4253 qui
585 4188 650 4253 apud
669 4187 764 4237 nultos
782 4187 905 4250 Graecos,
924 4189 1049 4252 inprimis
1067 4188 1132 4254 apud
1151 4184 1234 4246 lonas,
1252 4184 1375 4245 seenrdt,
1392 4183 1471 4234 testi·

187 4269 274 4323 nsnin
295 4269 350 4321 alin
372 4268 528 4321 bossunt:
554 4269 636 4320 schol.
656 4271 738 4320 Arist
757 4267 818 4319 lias.
838 4269 898 4332 730,
925 4268 1010 4334 liquit.
1026 4270 1105 4330 11363
1133 4268 1190 4319 lies.
1213 4269 1371 4335 φαρμακοῖς
1398 4263 1471 4315 sut.

186 4341 335 4423 ἠθιρμιις
353 4349 457 4402 l’strss.
475 4349 509 4403 lr.
522 4351 532 4403 l
550 4351 707 4413 buecheler3
725 4349 759 4401 el.
771 4350 830 4402 llos
842 4348 985 4418 uoppnnp'.
999 4379 1032 4388 -
1046 4352 1236 4417 phur-acorna
1255 4363 1366 4416 ponpam
1382 4345 1472 4398 tte-n-

186 4432 307 4489 m
323 4448 381 4486 nan
396 4433 511 4490 mun
528 4433 666 4485 sunan
682 4432 787 4498 ritihus,
804 4433 896 4498 quibas
914 4434 1069 4484 sterilitatis
1086 4446 1176 4482 suen
1190 4431 1283 4483 neten
1296 4426 1472 4498 expellebant,

224 4526 324 4587 upra·
488 4515 567 4569 silla
583 4514 759 4584 Alspstetisse
776 4529 841 4582 qaas
858 4521 901 4567 est
917 4513 1001 4583 Hm.
1019 4512 1125 4566 l‘srsd.
1142 4528 1198 4581 cap.
1208 4510 1250 4571 ill.
