3126 5056
675 277 895 340 ..46-

145 473 205 534 quo
233 452 263 513 in
301 450 386 512 titulo
412 471 479 513 cum
514 452 701 515 sollemnium
735 455 807 516 ordo
844 473 991 534 nusquam
1033 464 1164 518 mutatus
1193 477 1261 521 esse
1293 461 1429 524 videatur

145 553 302 630 (rideaturz
335 568 402 610 nam
426 551 623 632 complurium
657 553 866 615 sacrificiorum
890 553 952 614 dies
975 553 1159 632 ignoramus)
1186 557 1338 621 Eleusinia
1363 571 1430 622 aute

144 655 292 734 Asclepion
315 651 458 713 celebrata
481 671 545 712 esse
568 653 702 714 concludi
730 663 836 732 potest.
870 653 921 713 sed
952 672 1021 714 cum
1057 656 1159 716 multis
1191 656 1227 717 de
1250 659 1350 720 causis
1375 661 1431 721 hoc

144 755 254 815 lactum
286 771 351 813 esse
384 751 444 812 veri
478 750 573 811 simile
603 769 662 812 non
697 751 749 822 sit,
783 770 854 812 num
889 752 987 832 aliquo
1021 753 1126 825 modo,
1160 755 1212 833 qui
1243 759 1357 820 lactum
1381 760 1430 830 sit,

145 861 179 913 ut
211 852 283 913 ordo
319 858 493 923 mutaretur,
527 849 656 928 intellegi
689 851 784 930 possit
816 849 975 912 videamus.
1020 861 1108 931 atque
1141 853 1272 933 primum
1311 877 1430 920 incuses

147 952 308 1032 permixtos
341 969 400 1011 non
435 969 500 1011 esse
529 950 718 1011 statuendum
756 960 817 1021 est;
853 969 921 1010 nam
956 969 1135 1030 quamquam
1171 972 1209 1013 ne
1242 955 1271 1015 id
1306 957 1429 1035 quidem

147 1050 344 1112 demonstrari
370 1059 481 1130 potest,
518 1058 615 1109 tamen
646 1068 720 1128 quac
742 1048 778 1109 ab
802 1049 857 1109 hac
877 1049 1079 1129 propositione
1102 1050 1232 1114 dellectit
1255 1056 1430 1117 coniectura

145 1149 305 1230 probabilis
328 1168 388 1211 non
411 1149 476 1210 erit.
521 1149 571 1209 sed
597 1166 688 1208 uuum
713 1166 835 1219 omnes,
869 1149 920 1226 qui
944 1147 1061 1208 titulum
1086 1149 1243 1228 diligenter
1265 1154 1428 1233 perlegerit,

145 1248 296 1319 videbunt,
327 1247 444 1329 saepius
467 1248 539 1308 duas
562 1245 703 1326 pecuniae
726 1264 875 1317 summas,
908 1265 984 1325 quae
1005 1246 1042 1307 ah
1075 1247 1180 1308 iisdem
1206 1250 1429 1327 magistratibus

145 1357 261 1408 coactae
285 1355 364 1418 sunt,
398 1346 437 1408 ita
471 1345 643 1407 coniunctas
676 1363 741 1405 esse
777 1344 855 1406 inter
888 1364 936 1418 se,
975 1355 1008 1406 ut
1044 1346 1123 1408 nulla
1161 1347 1215 1408 alia
1253 1349 1428 1413 intermissa

144 1446 183 1507 sit
205 1445 327 1521 (ἡκεν.
345 1445 494 1516 12-14,
517 1442 669 1516 30-33;
703 1445 739 1503 lr.
764 1443 782 1503 h
805 1463 830 1502 v.
855 1443 967 1516 6—9,
1002 1445 1142 1519 17-193
1174 1449 1210 1506 lr.
1235 1467 1251 1508 c
1274 1467 1301 1508 r.
1324 1448 1428 1523 8-9;

144 1545 179 1605 lr.
196 1545 213 1605 d
231 1565 257 1606 v.
274 1544 378 1606 7-12
394 1545 465 1622 (tres
481 1541 637 1618 summac).
671 1541 750 1621 quod
765 1541 795 1602 in
811 1543 1003 1622 pecuniarum
1020 1543 1150 1622 catalogo
1166 1544 1290 1607 fortuito
1314 1550 1426 1609 lactum

143 1662 207 1705 esse
235 1644 313 1705 haud
336 1643 420 1706 facilc
442 1642 606 1704 credemus.
652 1640 677 1702 si
700 1640 790 1720 igitur
812 1641 960 1714 sacrificii,
993 1643 1073 1721 quod
1096 1643 1292 1706 Athenienses
1315 1645 1427 1708 Demo·

142 1744 251 1804 cratiae
284 1743 438 1815 iaciebant,
472 1742 534 1802 dies
567 1761 583 1802 a
617 1739 714 1801 medio
749 1758 849 1802 mense
883 1759 943 1801 uon
966 1740 1055 1801 nimis
1078 1741 1179 1803 aherat
1200 1741 1341 1818 (tortasse
1363 1746 1426 1826 ple-

142 1840 256 1902 nilunio
287 1842 395 1920 fiebat),
430 1840 577 1903 Eleusinia
611 1840 659 1900 illa
682 1840 718 1900 de
740 1858 827 1900 causa
850 1858 917 1900 cum
942 1839 1155 1901 Panathenaeis
1177 1842 1336 1904 coniuncta
1361 1864 1425 1906 esse

143 1949 225 2018 puto,
248 1942 421 2020 praesertim
446 1958 512 2000 cum
536 1957 699 2016 numquam
723 1939 816 1999 artius
839 1957 906 1999 curn
923 1938 1083 2018 Asclepieis
1099 1939 1301 2004 cohaererent.
1332 1943 1425 2005 immo

142 2037 291 2118 Asclepios
325 2037 503 2099 autumnalia
537 2037 573 2098 ah
596 2035 753 2097 Eleusiniis
787 2055 846 2098 non
882 2037 973 2117 magis
995 2037 1163 2118 pendebant
1184 2059 1273 2119 quam
1297 2060 1425 2104 vernae

142 2134 297 2216 Dionysiis.

242 2243 335 2295 restat
357 2244 390 2295 ut
412 2234 450 2307 id,
474 2233 551 2313 quod
576 2233 734 2313 scriptores
750 2243 977 2308 consueverunt,
1000 2253 1067 2297 cum
1084 2235 1188 2298 eodem
1204 2235 1423 2303 Eleusiniorum

141 2333 262 2394 nomine
295 2343 325 2395 et
357 2333 494 2412 mysteria
528 2341 558 2394 et
590 2351 728 2413 pompam
761 2341 791 2393 et
823 2333 984 2395 certamina
1019 2333 1232 2414 significarent,
1268 2338 1358 2400 etiarn
1393 2340 1423 2401 in

142 2431 235 2493 titulis
258 2450 412 2494 occurrere
429 2434 587 2506 lateamur3
610 2450 678 2492 uam
700 2430 752 2511 qui
769 2431 846 2493 tituli
861 2432 898 2493 lV
913 2431 933 2493 2
949 2431 1011 2495 385
1027 2433 1046 2494 d
1070 2452 1172 2496 versus
1188 2434 1316 2498 22-25
1338 2439 1423 2518 leget,

142 2528 370 2593 llommsenium
394 2528 434 2611 (p.
454 2529 523 2604 180,
541 2528 572 2606 2)
595 2530 660 2591 illos
683 2549 836 2611 perperam
859 2530 1087 2612 interpretatum
1110 2551 1175 2594 esse
1198 2535 1316 2598 videbit.

241 2629 338 2690 denuo
361 2648 430 2708 ergo
453 2629 483 2689 in
504 2648 538 2689 eo
561 2647 674 2701 sumus,
697 2648 757 2708 quo
780 2629 838 2690 iam
855 2629 1001 2691 lleursius
1023 2630 1121 2711 primo
1143 2632 1257 2712 impetu
1279 2635 1423 2714 pervenit,

141 2725 252 2787 scilicet
275 2737 308 2788 ut
328 2746 431 2805 magua
447 2726 594 2788 Eleusinia
609 2726 832 2808 penteteridem,
856 2728 1051 2790 certaminum
1069 2729 1260 2805 trieteridem,
1282 2751 1421 2814 pompam

141 2842 269 2887 annuam
300 2826 342 2886 eis
371 2825 474 2886 diebus
496 2825 604 2904 quihus
627 2834 717 2887 noctu
751 2827 889 2906 mysteria
923 2827 1032 2889 fiebant
1065 2828 1209 2892 celebrata
1231 2849 1296 2892 esse
1319 2850 1422 2893 cense-

140 2940 234 2984 amus.
279 2943 369 3004 quore
391 2943 438 2995 ea,
461 2943 535 3004 quae
558 2923 629 2984 satis
652 2942 738 3004 saepe
761 2924 883 3004 repetita
906 2935 989 2999 sunt,
1017 2925 1145 2988 breviter
1167 2937 1281 2989 tantum
1307 2948 1422 3004 moneo,

142 3028 219 3083 totos
242 3022 304 3084 dies
326 3022 400 3094 dico,
434 3041 509 3102 quos
531 3022 629 3102 aliquo
662 3022 751 3083 modo
782 3023 846 3101 degi
863 3042 995 3085 necesse
1019 3035 1094 3098 erat,
1128 3037 1158 3086 et
1179 3025 1350 3101 histriones,
1372 3028 1422 3108 qui

140 3118 195 3180 hac
217 3120 252 3181 de
275 3139 363 3183 causa
377 3132 478 3202 postea
494 3121 734 3183 conducebantur
756 3120 828 3198 (ela
847 3122 874 3183 ll
890 3121 952 3185 628
975 3124 1085 3203 dequo
1107 3133 1186 3187 recte
1209 3125 1421 3190 llommsenius

140 3234 169 3295 p.
186 3216 325 3299 Ἀθη).

245 3317 396 3381 intereos
419 3329 518 3381 autem
541 3319 613 3392 dies,
636 3319 688 3399 qui
710 3339 833 3401 pompae
856 3329 967 3401 patent,
991 3321 1148 3384 vicesimus
1164 3322 1278 3403 primus
1293 3325 1419 3386 maxime

138 3416 286 3477 convenit.
