3126 5056
666 282 886 344 „11-

139 457 232 517 deest.
277 455 355 536 quod
378 455 539 537 Diltbeyus,
576 457 627 537 qui
655 457 780 539 symboli
812 467 842 521 et
869 459 1069 540 apographum
1093 466 1123 520 et
1145 459 1417 540 interpretationem

137 566 304 617 accuratam
349 555 489 617 benevole
527 575 643 618 mecum
681 559 926 633 communicavit,
968 558 1033 620 iure
1069 567 1171 620 eontra
1208 559 1417 620 Renndorlrum

142 653 299 734 monet⁸⁵).

240 753 356 834 quando
384 753 475 833 igitur
502 772 608 816 currus
635 755 746 818 navalis
774 756 929 818 institutus
958 756 1006 828 sit,
1034 775 1101 818 cum
1133 756 1227 837 prima
1254 777 1280 818 a.
1303 757 1372 819 Chr.
1388 776 1418 818 u.

140 853 252 915 saecula
275 861 403 933 pateant,
427 853 592 916 accuratius
609 853 723 917 deliniri
739 856 851 936 nequit.
886 856 936 918 sed
953 874 1012 918 non
1030 864 1089 918 tam
1105 855 1192 918 Isidis
1208 875 1312 918 navem
1328 875 1418 936 quam

143 951 247 1014 Bnccbi
269 952 464 1014 Athenienses
487 952 618 1015 imitatos
640 973 705 1016 esse
728 954 856 1035 put0⁸⁶).

240 1051 347 1131 quibus
370 1051 513 1113 absolutis
536 1051 593 1113 iam
619 1063 751 1133 tempora
774 1053 980 1134 antiquissime
996 1053 1112 1133 aggredi
1130 1072 1300 1134 possumus.
1331 1062 1420 1133 atque

138 1150 218 1231 pepli
251 1150 392 1211 offerendi
426 1168 538 1212 morem
574 1152 663 1213 simul
696 1171 763 1213 cum
788 1161 902 1215 statuae
923 1152 1036 1231 ligneae
1059 1153 1140 1215 cultu
1163 1153 1331 1215 institutum
1356 1171 1420 1214 esse

141 1269 230 1330 supra
255 1250 386 1330 exposui.
420 1248 495 1311 inira
518 1259 617 1312 autem
642 1270 748 1313 currus
771 1251 807 1313 ab
829 1251 915 1314 initio
938 1251 967 1312 in
991 1271 1098 1332 pompa
1122 1252 1213 1314 luisse
1235 1254 1421 1314 demonstra-

139 1348 280 1428 bitur⁸²);
303 1349 382 1410 uude
404 1349 524 1431 peplum
548 1369 666 1431 semper
688 1360 838 1431 tamquam
862 1350 998 1413 vexillum
1023 1353 1054 1413 in
1077 1370 1167 1413 curru
1191 1351 1320 1432 positum
1344 1360 1374 1413 ct
1389 1349 1420 1411 in

141 1467 249 1529 pompa
271 1447 393 1510 ductum
417 1449 648 1529 essesequitur.

240 1547 292 1626 qui
314 1566 419 1609 currus
445 1548 476 1609 in
500 1547 694 1610 Parthenonis
717 1548 845 1630 zophoro
872 1566 906 1610 ee
928 1548 963 1610 dc
986 1566 1073 1610 causa
1096 1549 1190 1629 sculpi
1212 1567 1270 1610 non
1295 1555 1420 1628 poterat,

140 1646 219 1726 quod
254 1646 348 1707 malus
381 1665 449 1708 cum
484 1648 569 1728 peplo
590 1647 680 1708 nimis
702 1648 779 1710 altus
802 1647 922 1727 ernist).
967 1666 1057 1726 quare
1080 1649 1213 1728 sculptor
1235 1648 1341 1709 eximio
1365 1667 1420 1709 suo

140 1745 212 1806 artis
235 1763 340 1823 genere
363 1765 435 1807 usus
458 1746 648 1807 cerimonlam
672 1746 712 1807 ita
735 1746 918 1825 significavit,
942 1758 975 1808 ut
999 1747 1118 1826 peplum
1141 1747 1198 1808 iam
1216 1766 1231 1807 a
1247 1746 1419 1825 magistratu

141 1844 269 1923 quodam
293 1844 422 1918 saero⁶⁹l
445 1854 597 1925 receptum
620 1845 650 1905 in
666 1845 788 1925 zopbori
803 1845 866 1907 loco
882 1846 1067 1909 nobilissimo
1083 1847 1220 1923 lingeret3
1242 1864 1309 1906 uam
1333 1863 1420 1925 pom·

141 1961 194 2023 poe
217 1952 415 2023 praeparatae,
439 1962 513 2023 quae
536 1944 567 2004 in
589 1943 688 2005 lateris
711 1943 899 2006 occidentalis
914 1955 997 2026 parte
1014 1944 1196 2007 meridionali
1211 1953 1265 2018 est,
1288 1944 1369 2005 finita
1391 1952 1422 2006 et

142 2041 276 2102 absoluta
310 2060 418 2122 pompa
451 2041 674 2104 advenientibus
709 2051 739 2104 et
760 2044 999 2124 septentrionalis
1022 2054 1052 2106 et
1074 2043 1273 2105 meridionalis
1296 2041 1420 2122 agminis

142 2139 288 2219 capitibus
316 2141 429 2202 inclusa
458 2143 626 2221 respondet.
672 2151 705 2204 nt
726 2149 825 2204 autem
849 2163 865 2204 a
888 2163 994 2224 pompa
1017 2154 1188 2225 praeparata
1210 2143 1240 2203 iu
1264 2152 1421 2220 utramque

141 2247 255 2319 partem
289 2239 406 2319 agmina
440 2239 604 2313 discedunt,
637 2240 677 2302 ita
710 2241 741 2302 in
772 2241 936 2304 absolutam
971 2243 1069 2304 denuo
1101 2243 1291 2304 conveniunt.
1341 2239 1420 2320 quod

142 2337 336 2400 Athenienses
358 2338 495 2400 facillime
517 2338 695 2402 intellexisse
718 2349 800 2421 puto.

244 2437 280 2498 de
295 2436 348 2512 eis,
370 2437 490 2517 quaein
506 2439 593 2518 peplo
608 2438 685 2519 picta
700 2448 793 2513 crant,
817 2440 931 2521 primus
947 2439 1112 2502 booethius
1127 2438 1292 2501 accuratius
1308 2436 1420 2517 egit⁷⁰l.

143 2537 195 2598 sed
223 2554 284 2597 non
318 2537 426 2610 omnia,
460 2556 536 2617 quae
558 2537 607 2599 ille
628 2538 740 2600 intexta
761 2557 825 2600 esse
849 2539 1014 2620 suspicatus
1037 2547 1092 2612 est,
1125 2539 1155 2599 in
1177 2538 1263 2618 peplo
1286 2539 1421 2598 luerunt:

243 2693 275 2755 85)
294 2694 393 2760 peplum
416 2700 521 2761 propter
544 2693 703 2760 percutiendi
726 2693 904 2746 difficultatem
928 2710 1076 2761 expressum
1103 2710 1151 2743 uon
1171 2708 1228 2744 esse
1247 2706 1276 2743 ee
1295 2692 1326 2743 de
1345 2705 1422 2742 censs

144 2775 236 2840 opponi
256 2775 353 2841 nequit,
370 2776 436 2841 qnod
455 2776 481 2826 in
500 2776 605 2826 nummis
623 2776 778 2842 gemmisque
797 2777 899 2828 navium
912 2778 970 2829 vele
987 2792 1086 2844 semper
1099 2774 1154 2827 lere
1166 2781 1286 2826 accurate
1299 2787 1421 2838 expresse

144 2864 213 2919 sunt,
240 2871 320 2921 nsque
347 2857 427 2921 magis
445 2858 470 2907 io
498 2857 553 2908 eius
576 2858 640 2920 ligni
665 2858 731 2924 qood
754 2859 780 2908 in
800 2859 941 2910 Alexandri
960 2859 1045 2923 blegoi
1065 2858 1171 2909 nummis
1195 2855 1311 2908 Victoria
1338 2860 1423 2920 portat

148 2936 270 2998 (Mueller
287 2937 487 3005 Numismstique
505 2939 686 2991 d’Alexendre
705 2941 729 2991 le
748 2941 833 2992 Greod
853 2959 876 3008 p.
894 2942 917 3005 2,
935 2942 987 2992 tab.
1006 2941 1026 2992 ll
1046 2941 1157 3003 15-18)
1176 2945 1202 2990 et
1220 2940 1284 3004 quod
1304 2936 1422 2990 Victoris

149 3019 323 3069 Samothracia
347 3020 409 3071 olim
431 3023 515 3072 tenuit
540 3020 635 3084 (Conze
660 3022 758 3073 Heuser
781 3022 909 3074 Benudorl
928 3025 1000 3076 Neue
1018 3022 1241 3085 urobeeologiscbe
1259 3018 1360 3071 Ualens.
1379 3016 1424 3069 aul

141 3102 307 3152 Samotbrule
331 3117 353 3168 p.
373 3102 405 3152 79
423 3105 487 3170 sqq.)
510 3104 680 3154 similitudine
704 3105 752 3154 uiti
777 3120 917 3170 possumus.
954 3119 1009 3154 nem
1038 3104 1101 3154 illud
1121 3110 1204 3154 utrum
1222 3116 1321 3167 semper
1339 3099 1421 3150 melos

144 3199 199 3234 cunr
217 3190 336 3246 antenna,
360 3185 494 3248 vexillum,
517 3186 597 3252 stylis
615 3186 651 3235 sit
669 3201 699 3235 en
718 3187 792 3236 modo
809 3187 857 3236 boc
876 3187 949 3236 modo
968 3186 1041 3247 illud,
1060 3200 1146 3250 purum
1165 3189 1266 3234 constet
1283 3180 1328 3243 (cl.
1347 3182 1424 3231 Stud-

145 3265 242 3329 niczls,
266 3264 456 3330 Siegesgoettio
476 3282 499 3332 p.
517 3267 558 3330 25,
582 3265 740 3318 liubitscbek
766 3267 916 3318 lluudscbau
939 3266 1019 3318 neber
1042 3267 1083 3317 elo
1103 3265 1303 3331 Quinquennium
1320 3263 1423 3313 untiker

143 3347 313 3399 Numismetik
332 3363 354 3413 p.
367 3347 420 3413 24).
451 3347 594 3400 llenudorlli
612 3357 696 3400 entem
714 3349 860 3400 coniectura
879 3365 928 3415 qus
946 3363 1047 3400 currum
1066 3356 1125 3399 ente
1145 3348 1286 3414 Propyleeu
1304 3345 1423 3396 relictum

143 3429 230 3480 induci
250 3429 395 3494 suspicatos
414 3437 455 3480 eet
471 3431 595 3493 (ceterum
614 3445 660 3498 per
678 3446 706 3482 se
724 3447 812 3498 parum
831 3431 983 3497 probabilis)
1000 3446 1028 3481 ea
1048 3431 1079 3480 de
1097 3445 1173 3480 ceusu
1186 3437 1256 3480 stare
1268 3444 1316 3478 nou
1330 3434 1424 3494 potest,

143 3511 208 3576 quod
223 3509 423 3576 Propplseorum
437 3511 536 3577 leaena,
554 3527 625 3577 quem
644 3513 670 3562 in
689 3512 806 3579 symbolo
825 3527 971 3578 expressum
991 3527 1047 3563 esse
1066 3518 1147 3578 putot,
1165 3511 1238 3561 urvis
1250 3499 1362 3578 πρύμνα
1376 3515 1422 3559 est.

243 3591 275 3652 ⁸⁶)
294 3591 360 3656 qood
378 3590 526 3642 brueeloer
543 3600 571 3643 st
588 3590 696 3644 Perdice
715 3595 880 3645 coniecerunt
899 3593 968 3657 (acu.
988 3593 1094 3644 blittcil.
1115 3590 1314 3656 XVlllp.153)
1334 3605 1422 3641 nerem

143 3672 357 3723 Peuetbeouicmn
375 3664 611 3738 antiquissimorum
629 3682 771 3742 temporum
790 3690 848 3727 esse
867 3691 913 3741 pro
931 3675 979 3739 eis,
1001 3690 1064 3742 quse
1083 3690 1159 3740 supra
1178 3672 1315 3739 disputavi,
1338 3671 1424 3723 teneri

142 3755 189 3806 vix
208 3761 337 3821 poterunt.
365 3755 410 3806 sed
430 3771 479 3805 non
498 3757 580 3820 magis
593 3757 660 3820 inde,
678 3757 743 3822 quod
762 3757 787 3807 iu
807 3757 862 3807 Ciri
882 3773 981 3822 eur-ros,
1001 3773 1049 3807 uon
1069 3755 1143 3807 nevis
1162 3762 1210 3818 est,
1230 3754 1339 3816 Augusti
1358 3760 1422 3803 tem-

144 3837 248 3905 poribus
268 3853 357 3889 nevem
376 3837 484 3888 noudum
503 3839 637 3890 exstitisse
656 3838 745 3902 colligi
763 3845 849 3904 potest
866 3837 1031 3901 (Stodniczks
1050 3837 1190 3901 Altgrieeb.
1203 3834 1300 3886 Trecbt
1318 3852 1339 3902 p.
1357 3835 1424 3900 137).

145 3935 201 3970 uem
220 3919 243 3970 is
262 3919 304 3985 qui
323 3919 403 3970 Cirim
422 3921 566 3986 composuit
584 3936 632 3971 nou
656 3935 719 3986 qnae
743 3921 819 3984 vidit,
847 3920 891 3970 sed
917 3935 947 3971 ee
970 3918 1059 3986 refert,
1084 3934 1147 3986 quae
1171 3920 1197 3969 iu
1217 3917 1293 3967 libris
1310 3916 1423 3982 untiqui-

144 4001 233 4051 oribus
251 4001 324 4064 legit.

244 4081 277 4147 ο7)
296 4097 320 4132 v.
338 4082 355 4133 l.
376 4099 398 4150 p.
412 4083 453 4147 30,
472 4081 505 4133 ci.
525 4097 586 4134 mer.
605 4081 662 4134 Per.
681 4099 707 4134 v.
727 4083 767 4148 17,
785 4083 831 4135 llr.
849 4083 976 4134 Cutester.
994 4080 1061 4134 Xlll.

245 4162 276 4224 ⁸⁸)
296 4164 380 4216 cedern
399 4167 429 4215 de
448 4179 524 4214 eausa
543 4178 574 4214 ne
592 4163 708 4216 manibus
735 4164 832 4230 quidem
852 4172 978 4232 portatum
997 4164 1118 4214 vexillum
1137 4162 1219 4229 sculpi
1239 4159 1352 4228 potuisse
1374 4175 1422 4210 non

144 4244 268 4310 estquod
288 4259 408 4295 moneam.

246 4325 277 4388 ω)
297 4325 407 4376 fortasse
434 4325 588 4392 bieropoeus
616 4334 657 4377 est
690 4326 899 4392 (Furtwecngler
925 4325 1120 4379 Meisterwerlre
1147 4325 1170 4375 d.
1197 4324 1294 4388 griecb.
1322 4321 1423 4374 Plustik

144 4424 168 4473 p.
188 4407 251 4471 tet),
271 4408 315 4458 sed
334 4407 410 4456 etiem
429 4404 595 4472 Proxiergidu
614 4423 671 4459 esse
690 4417 783 4476 potest,
800 4407 833 4459 cl.
853 4415 906 4459 not.
925 4409 966 4459 25.

247 4488 278 4550 70)
296 4489 327 4539 de
344 4488 436 4551 trsgic.
455 4487 545 4540 Graec.
564 4489 670 4557 princip.
689 4507 713 4558 p.
728 4492 775 4545 tta
786 4507 840 4557 sqq.
