3126 5056
747 265 965 331 ..58-

209 465 303 528 usque
331 445 365 506 ad
390 444 428 517 id,
462 444 541 522 quod
570 443 600 502 iu
623 443 720 523 Prone
743 443 834 503 situm
858 441 962 524 erat⁸)‚
996 443 1120 504 feminas
1148 460 1285 524 pompam
1308 460 1369 504 nou
1392 444 1484 506 iuter-

208 557 325 628 ruptam
349 542 513 604 instituisse
535 541 595 602 reri
618 541 713 602 simile
736 541 822 616 estl).
867 541 952 603 cuius
975 545 1100 603 sormam
1124 560 1183 603 nou
1207 542 1355 604 novimus.

308 643 359 704 sed
392 641 576 702 redeundum
610 650 656 701 est
688 641 723 701 ad
757 659 821 702 enm
853 659 1003 722 pompam,
1034 658 1122 721 quarn
1158 640 1285 702 feminae
1314 640 1426 703 Steniis
1451 642 1485 703 ad

208 743 322 805 Coliada
358 739 596 821 promunturium
633 738 839 800 instituebant.
883 732 912 800 in
946 758 1003 818 qua
1037 740 1193 801 siumlacra
1223 739 1309 802 ducta
1337 758 1398 801 non
1422 760 1486 802 esse

208 842 283 914 dixi3
318 839 368 901 sed
401 839 479 899 aliud
510 849 597 917 atque
629 856 715 916 grave
738 858 754 899 e
777 839 875 899 cultus
897 837 1166 914 Lacedaemonii¹⁰)
1188 839 1381 901 similitudine
1403 840 1486 920 sequi

208 941 336 1002 videtur:
361 956 428 999 nam
453 956 520 998 cum
544 956 579 997 ex
595 936 667 997 Helo
687 947 776 1016 portu
792 945 889 998 vetere
904 937 1098 1018 Proserpinae
1113 937 1302 1000 simulacrum
1320 946 1487 1019 portaretur

207 1040 237 1100 in
260 1037 454 1109 Eleusinion,
485 1035 563 1115 quod
587 1035 617 1096 in
640 1035 768 1116 Taygeto
792 1035 882 1097 siturn
907 1047 978 1108 erat,
1006 1037 1076 1098 deae
1101 1036 1204 1117 ipsius,
1233 1056 1307 1116 quae
1329 1056 1383 1118 per
1406 1056 1486 1099 mare

208 1138 364 1200 advenerat
390 1134 531 1196 introitus
558 1152 715 1213 expressus
739 1135 853 1196 videtur
881 1154 956 1197 esse.
1002 1154 1092 1216 quare
1114 1136 1236 1197 candem
1260 1145 1347 1217 atque
1370 1136 1485 1200 Oscho·

207 1236 319 1318 phoriis
342 1234 540 1297 coniecturam
572 1236 700 1314 protero,
733 1233 844 1296 scilicet
869 1234 905 1295 ad
933 1254 1000 1296 eum
1028 1235 1136 1306 locum,
1169 1253 1229 1313 quo
1255 1234 1307 1296 dea
1334 1235 1405 1297 olim
1433 1237 1485 1299 ad·

207 1345 335 1407 venerat,
370 1350 508 1414 pompam
543 1333 672 1404 ducum,
706 1332 765 1393 illic
792 1333 960 1395 saltationes
987 1344 1018 1395 et
1044 1333 1184 1394 sacrificia
1216 1335 1290 1395 lacta
1320 1352 1395 1396 esse.
1445 1335 1487 1398 sic

207 1416 285 1496 enim
310 1433 412 1514 Apollo
436 1431 604 1492 Marathona
626 1430 741 1491 Prasias
764 1431 883 1492 Zostera
905 1432 1032 1505 advenit,
1055 1433 1097 1493 sic
1119 1431 1206 1494 Ceres
1228 1432 1300 1512 ipsa,
1323 1451 1391 1495 cum
1414 1434 1484 1496 item

208 1541 295 1613 atquc
310 1531 441 1593 bacchus
457 1549 511 1612 per
525 1541 633 1591 terram
650 1540 812 1608 vagaretur,
830 1531 990 1592 Thurinum
1006 1532 1037 1592 in
1054 1531 1163 1612 hymno
1179 1531 1485 1613 Homerico(v.126).

207 1651 264 1713 qua
287 1632 323 1692 de
345 1649 432 1691 causa
455 1631 539 1690 deam
564 1627 680 1690 Coliada
702 1648 820 1709 quoque
842 1629 995 1691 advenisse
1017 1631 1124 1692 dictam
1148 1650 1213 1692 esse
1235 1638 1316 1712 puto.

308 1729 355 1791 cui
388 1728 573 1790 coniecturae
606 1727 702 1808 primu
730 1728 836 1789 obtutu
866 1729 957 1790 multa
985 1730 1102 1791 obstare
1129 1748 1257 1791 censeas.
1303 1748 1378 1809 quac
1406 1729 1484 1791 euim

208 1829 296 1891 Ceres
318 1839 373 1903 est,
395 1847 470 1907 quae
485 1847 538 1908 per
555 1845 634 1888 mare
649 1827 777 1897 advenit,
799 1846 867 1888 cum
884 1828 1005 1889 htbenis
1020 1828 1092 1909 ipsis
1108 1847 1123 1890 a
1140 1827 1323 1909 temporibus
1338 1827 1485 1909 antiquis·

208 1929 292 1990 simis
303 1927 410 1988 Terrae
429 1927 530 1987 matris
545 1926 714 1987 colerentur
728 1925 851 1986 numina
866 1923 1023 2010 Δημήτηρ
1042 1923 1271 2008 Κουροτρόφος
1286 1937 1316 1989 et
1329 1925 1486 2010 Δημήτηρ

209 2025 302 2108 Χλόη
326 2037 356 2087 et
371 2026 440 2086 olim
457 2026 541 2086 allata
558 2035 636 2085 esset
651 2044 667 2085 a
684 2024 861 2105 Gephyrneis
879 2021 1035 2108 Δημήτηρ
1047 2020 1222 2104 'Axatasst
1245 2045 1312 2087 cum
1329 2037 1487 2104 regnarent

207 2125 277 2186 inde
299 2144 314 2185 a
338 2125 454 2185 saeculo
477 2123 603 2204 septimo
626 2123 697 2185 deae
720 2119 908 2184 Eleusiniae?
952 2125 995 2186 sic
1021 2125 1072 2205 qui
1095 2124 1286 2204 interrogabit
1307 2143 1483 2205 responsum

208 2223 337 2284 inveniet
352 2224 427 2303 ipse:
451 2233 540 2283 restat
556 2224 633 2283 enim
653 2219 809 2304 Δημήτηρ
826 2222 1055 2306 Θεσμοφόρος,
1078 2243 1153 2304 quae
1168 2242 1264 2304 neque
1279 2242 1294 2284 a
1311 2224 1484 2286 numinibus

208 2323 421 2403 antiquissimis
455 2322 563 2401 pendet
595 2340 692 2400 neque
718 2341 734 2383 a
758 2321 862 2382 Cerere
889 2323 947 2394 illa,
981 2342 1056 2403 quae
1080 2323 1215 2384 Eleusine
1238 2323 1368 2384 Athenas
1397 2322 1483 2384 venit.

208 2422 286 2502 quod
311 2422 386 2483 ultro
408 2431 529 2502 apparet
550 2432 694 2500 quantum
719 2421 754 2482 ed
778 2421 912 2484 Cererem
936 2421 1129 2494 Eleusiniam3
1153 2421 1204 2482 sed
1226 2421 1483 2502 Thesmophorum

208 2539 247 2581 ue
270 2540 285 2580 a
308 2520 456 2580 veteribus
484 2520 603 2598 quidem
631 2519 693 2580 deis
723 2520 864 2599 originem
900 2522 1027 2589 (luxisse,
1061 2519 1079 2580 i.
1101 2539 1127 2581 e.
1151 2519 1272 2582 Athenis
1294 2519 1367 2601 ipsis
1389 2530 1483 2582 ortam

209 2637 267 2679 non
299 2638 373 2693 esse,
407 2619 457 2679 sed
492 2619 549 2679 iam
577 2619 722 2679 excultam
746 2631 833 2699 atque
856 2621 1014 2700 perlectam
1038 2619 1166 2680 Athenas
1195 2619 1318 2691 venisse,
1351 2637 1387 2681 eo
1413 2637 1482 2680 con-

209 2718 352 2786 firmatur.
376 2718 454 2796 quod
478 2717 551 2776 nihil
566 2735 726 2777 commune
742 2718 868 2778 babebat
883 2737 950 2779 curn
968 2717 1073 2779 Cerere
1087 2718 1210 2790 Achaea,
1233 2735 1321 2797 quam
1337 2717 1482 2779 Thesmo-

208 2816 294 2896 phori
306 2816 430 2876 similem
445 2815 535 2875 luisse
547 2813 712 2888 scimus¹²).
732 2817 811 2894 atqui
825 2817 937 2877 Cereris
949 2815 1165 2897 Thesmophori
1177 2816 1207 2877 in
1219 2816 1300 2877 cultu
1315 2835 1365 2877 ese
1378 2815 1484 2877 flebant

208 2914 393 2986 cerimoniae,
409 2932 482 2992 quae
499 2912 656 2973 adventum
675 2932 727 2992 per
740 2932 819 2974 mare
835 2915 1001 2994 exprimere
1016 2915 1168 2988 sidentur3
1184 2915 1263 2977 unde
1278 2915 1368 2993 igitur
1383 2910 1485 2977 reniti

308 3012 386 3090 quod
421 3012 478 3072 nisi
511 3013 560 3084 ita,
596 3021 627 3071 ut
655 3021 745 3072 totam
774 3012 923 3092 religionis
946 3013 1072 3075 Cerealis
1100 3013 1252 3075 historiam
1284 3013 1412 3076 breviter
1431 3013 1483 3076 stl-

209 3110 392 3181 umbremus‚
426 3109 531 3190 exponi
558 3109 675 3188 nequit3
708 3111 815 3191 exponi
843 3122 941 3173 autem
970 3131 1058 3192 posse
1086 3105 1306 3174 Wilamowitzio
1333 3111 1484 3187 debemus,

208 3209 259 3288 qui
282 3209 471 3268 fundamenta
495 3226 589 3289 nuper
610 3207 716 3268 eximia
739 3220 801 3271 arte
823 3208 1015 3287 stabilivit'⁸).

209 3368 291 3430 οὕτως
310 3366 454 3437 Εὔβουλος.
490 3387 554 3421 unus
575 3371 656 3435 igitur
675 3387 706 3422 ex
725 3373 755 3424 iis
774 3374 816 3439 qui
836 3374 926 3423 Eubuli
945 3375 1024 3424 verbs
1042 3373 1212 3436 tradiderunt,
1237 3373 1271 3437 id,
1297 3374 1362 3440 quoi
1385 3374 1434 3426 ills
1454 3373 1485 3425 ds

208 3456 289 3506 suedo
315 3455 424 3511 dixerat,
452 3468 579 3520 perperam
606 3455 637 3504 sd
656 3453 824 3520 Proserpinae
842 3455 957 3520 (Cereris
984 3453 1049 3506 salso
1075 3456 1182 3521 scripsit
1200 3453 1314 3518 Thetim,
1341 3454 1485 3507 lomus

208 3533 296 3606 Κόρης
312 3536 358 3600 τῆς
375 3528 518 3604 Δήμητρος
536 3539 692 3602 corruptum)
710 3551 840 3586 ascensum
860 3537 960 3588 retulit.
996 3553 1050 3586 cum
1074 3544 1157 3588 sotem
1180 3545 1299 3588 autumno
1318 3534 1484 3604 Proserpluaa

207 3619 342 3669 descensus
361 3620 520 3681 conveniret,
538 3618 561 3667 iu
582 3620 669 3684 paucis
689 3619 774 3669 verbis
793 3619 843 3669 tris
862 3627 965 3685 peccata
984 3620 1136 3670 invenimus.

307 3694 530 3762 1)Ηοο.ο’ίνοο1ος,
557 3702 600 3749 Ar.
621 3699 720 3750 Thesm.
740 3702 789 3751 657
808 3718 863 3752 cum
882 3703 991 3764 scholio,
1019 3700 1050 3750 cl.
1070 3702 1151 3752 schol.
1170 3701 1228 3752 685.
1264 3700 1484 3753 tlsWilnowit!

208 3778 342 3849 liytlatbeo
361 3797 384 3847 p.
400 3781 456 3843 161,
475 3781 579 3830 Curtius
598 3782 818 3845 Stadtgcschicbts
838 3800 860 3849 p.
874 3785 906 3834 29
925 3784 966 3846 lig.
979 3784 1003 3834 6.

306 3863 329 3925 ⁰)
347 3861 456 3912 luminae
475 3877 519 3927 per
536 3863 590 3912 dies
609 3862 688 3914 festus
708 3880 793 3915 omnes
810 3865 908 3915 domum
926 3865 1035 3915 rediisse
1053 3879 1102 3914 uou
1121 3863 1251 3916 videntur.

308 3944 340 4004 ¹⁰)
360 3942 432 3993 Paus.
452 3941 483 3993 lll
497 3943 537 4004 20,
554 3945 626 3993 5-7.

309 4024 342 4086 ¹¹)
360 4025 542 4086 bennavet,
560 4025 604 4074 Ar.
624 4025 684 4076 tteb.
704 4025 753 4076 tus
772 4042 827 4076 cum
846 4027 954 4090 scholio,
977 4027 1029 4078 ClA
1043 4025 1074 4078 ΙΙΙ
1088 4027 1146 4089 ³7³,
1173 4026 1204 4077 6ο
1218 4024 1397 4076 Wilanawitz
1415 4023 1484 4094 lipa-

208 4106 283 4157 stbcn
303 4122 325 4172 p.
340 4107 451 4173 162,’11,
479 4106 561 4156 llerm.
581 4105 643 4156 ΧΧΙ
663 4123 684 4172 p.
701 4107 758 4170 166,
773 4110 795 4170 1,
823 4106 925 4159 Griecb.
944 4109 1020 4169 Trag.
1040 4109 1060 4158 ll
1080 4125 1102 4175 p.
1116 4109 1176 4172 222,
1202 4106 1321 4174 Touph'sr
1347 4109 1403 4159 All.
1422 4107 1483 4158 Ges.

208 4204 232 4254 p·
245 4187 427 4330 29666616161.
446 4269 476 4318 6ο
495 4269 525 4320 ls.
545 4276 571 4319 et
593 4269 637 4321 0s.
656 4268 749 4336 thx,
767 4268 799 4320 cl.
819 4269 915 4322 llobert
932 4271 1016 4322 Herm.
1035 4271 1109 4322 xxti
1130 4288 1151 4338 p.
1165 4271 1214 4322 463
1234 4271 1346 4336 (Achaea
1365 4271 1483 4322 uotta=

208 4350 286 4402 Ceres
304 4349 524 4417 Thesmophorus).
560 4354 633 4417 Δημ,
652 4343 832 4421 Θεσμοφόρος
850 4353 954 4417 Thebis,
980 4368 1036 4404 cum
1055 4369 1101 4420 par
1120 4354 1249 4404 boeotiam
1269 4359 1390 4417 regnaret
1407 4352 1483 4405 Caras

208 4429 319 4495 Achaea,
337 4431 411 4483 Paua.
424 4430 461 4483 lX
470 4434 494 4495 6,
507 4436 531 4497 6,
553 4433 591 4496 16,
606 4435 634 4492 ⁵3
654 4432 725 4484 Pina.
744 4432 776 4484 lr.
790 4433 822 4483 37
842 4433 931 4495 bergh.

309 4512 343 4578 sa)
360 4513 464 4567 lisiscb.
482 4512 559 4578 Trsg.
579 4513 600 4564 ΙΙ
618 4530 641 4580 1>-
654 4515 765 4581 ²⁰9⁸ll‘l·
