3128 5100
670 266 891 331 ..82-

140 448 191 510 sed
213 456 243 510 et
264 450 375 509 formae
397 444 578 524 antiquiores
600 444 631 505 in
655 444 709 505 hac
731 451 862 505 servatae
885 452 965 515 sunt,
990 450 1143 504 curn0ante
1158 441 1313 522 caprosis,
1336 441 1419 503 cuius

139 565 244 608 cruore
266 545 355 606 Diana
386 544 564 624 placabatur,
595 543 685 604 homo
708 561 791 604 sacer
812 543 993 623 procederet,
1023 560 1119 622 neque
1151 559 1202 602 ese
1231 549 1420 602 accesserunt

139 643 325 717 cerimoniae,
348 662 423 723 quae
446 643 475 703 in
499 661 614 722 pugnae
638 641 816 703 Salaminiae
831 640 1012 702 memoriam
1036 641 1155 701 debant.
1191 637 1301 700 oinium
1321 647 1418 700 autem

139 762 243 822 agmen
273 760 413 822 magnum
444 751 560 822 praeter
586 740 798 822 penteteridem
829 739 976 820 imprimis
1007 757 1023 799 e
1054 737 1172 799 lcrrrinis
1202 736 1320 797 videtur
1348 754 1419 797 oon·

139 841 307 919 stitisse¹⁴).
352 841 423 901 haec
452 858 560 921 pompa
591 839 670 900 llalis
700 838 876 912 duncheium
906 855 978 898 num
1008 847 1109 899 autem
1132 837 1220 897 etiam
1245 835 1419 896 adsacrum

141 940 347 1012 Brauronium,
377 939 456 1018 quod
487 939 608 1000 inance
635 938 725 999 situm
751 947 822 1010 erat,
853 955 960 1017 pompa
989 935 1077 997 misso
1102 935 1149 1004 sit,
1180 932 1286 995 confici
1310 932 1421 1013 nequit

676 1160 880 1205 excursus

558 1255 598 1315 de
628 1272 779 1315 munere
810 1249 1005 1334 ἄρκττίας.

243 1402 276 1454 ut
298 1387 449 1472 ἇρκτείας
478 1392 557 1454 illius
583 1401 687 1455 natura
710 1391 817 1454 clarius
841 1391 970 1463 eluceat,
994 1390 1122 1471 primum
1147 1388 1316 1450 testimonia
1338 1389 1422 1469 priu-

144 1491 244 1572 cipalia
274 1490 416 1552 exscriho.
462 1490 548 1571 llarp.
581 1485 756 1572 ἆρκτεῦσαι
788 1523 825 1533 -
858 1487 894 1551 τὸ
925 1487 1181 1568 καθιερωθῆναι
1213 1485 1277 1569 πρό
1308 1483 1424 1567 γάμων

144 1589 199 1662 τὰς
223 1591 414 1670 παρθένους
436 1589 489 1671 τῆι
508 1584 675 1671 Ἀρτέμιδι
698 1591 752 1671 τῆι
778 1589 963 1666 Μουνιχίαι
995 1583 1014 1670 ἢ
1041 1588 1094 1669 τῆι
1117 1588 1331 1667 Βραυρωνίαι
1356 1583 1422 1647 κτλ.

143 1724 184 1733 -
214 1688 305 1749 schol.
329 1687 418 1750 Arist.
450 1687 515 1768 Lys.
547 1689 566 1748 Ι.
589 1707 614 1750 c.
645 1723 687 1731 -
712 1723 753 1731 -
780 1685 991 1769 δηλωθέντος
1021 1681 1057 1746 δὲ
1089 1686 1146 1746 τοῦ
1175 1685 1324 1766 χρησμοῦ
1354 1693 1424 1756 τοῖς

140 1782 334 1869 Ἀθηναίοις
364 1783 575 1869 ἐψηφίσαντο
598 1784 676 1864 (vide
699 1785 863 1857 Craterum,
892 1804 951 1864 quo
978 1783 1066 1846 etiam
1091 1781 1179 1863 llarp.
1203 1800 1275 1844 usus
1298 1781 1357 1860 est)
1380 1778 1424 1863 μη

145 1883 306 1966 πρότερον
339 1881 592 1957 συνοικίζεσθαι
626 1879 722 1964 ἀνδρί
756 1883 947 1963 παρθένον,
988 1881 1019 1943 τί
1050 1879 1095 1963 μη
1129 1877 1337 1961 ἀρκτοόσειον
1370 1881 1424 1950 cais

144 1984 240 2043 θεώι.
264 2017 305 2025 -
328 1982 418 2043 schol.
443 1982 566 2043 Theocr.
589 1981 614 2042 ll
630 1982 671 2043 66
695 1977 840 2044 οίιόθασι
871 1983 933 2061 γὰρ
959 1981 1012 2063 τῆν
1031 1974 1200 2060 Ἀρτέμιδι
1223 1987 1426 2060 κανηφορεῖν

144 2075 181 2141 αἱ
213 2077 394 2160 μέλλουσαι
427 2081 615 2160 γαμεῖσθαι
647 2077 701 2141 ἐπ’
735 2074 920 2162 ἄφοσιιόστι
953 2079 1011 2162 τῆς
1044 2078 1252 2160 παρθενίας,
1292 2081 1347 2138 ίνα
1381 2075 1425 2159 μη

146 2178 376 2260 ντμεσηθιόσιν
399 2169 456 2239 ὑπ’
479 2173 590 2259 αὐτῆς,
620 2175 662 2238 τὰ
691 2175 728 2239 δὲ
757 2175 921 2260 μυστήρια
949 2177 1053 2239 ταῦτα
1075 2168 1241 2258 Ἀθήνησι
1270 2171 1427 2237 πολιτεύ-

148 2297 250 2338 ονται.
306 2276 441 2355 sequitur
470 2275 547 2336 idem
577 2275 641 2336 aliis
672 2275 769 2337 verbis
803 2276 1060 2356 comprehensum.
1116 2273 1228 2336 accedit
1256 2273 1426 2335 Philochori

148 2374 350 2436 testimonium
381 2373 410 2435 in
441 2373 552 2435 scholio
575 2374 675 2436 lost
699 2371 881 2454 Φιλόχορός
903 2392 986 2456 φησι
1014 2370 1203 2450 Πελασγοὺς
1233 2367 1352 2444 αὐτοῖς
1374 2368 1427 2446 (sc.

146 2473 222 2546 τοὺς
250 2469 395 2547 Σίντιας)
421 2468 517 2545 ὄντας
547 2464 650 2544 οὕτως
680 2473 1012 2555 προσαγορευθῆναι,
1043 2469 1118 2532 ἐπεὶ
1148 2466 1349 2544 πλεύσαντες
1381 2471 1429 2543 τίς

148 2573 332 2653 Βραυρῶνα
376 2567 582 2654 κανηφόρους
626 2573 819 2653 παρθένους
860 2565 1016 2654 ἥρπασαν
1059 2580 1089 2631 et
1132 2570 1162 2632 in
1205 2569 1317 2631 scholio
1356 2568 1428 2630 Luc.

149 2669 288 2732 κατάπλ.
313 2671 342 2730 l:
379 2668 500 2750 χρόνοι
536 2668 571 2732 δ’
602 2666 737 2752 ὕστερον
767 2667 836 2733 ἀπὸ
865 2666 982 2752 ταύτης
1017 2672 1075 2754 τῆς
1110 2669 1220 2742 αἰτίας
1249 2665 1429 2750 ἐχθρωδῶς

149 2763 353 2849 διακείμενοι
375 2778 447 2841 τοῖς
465 2763 662 2851 Ἀθηναίοις
685 2763 837 2851 ὥρμησαν
863 2769 911 2841 τίς
937 2766 1042 2831 πλοῖα
1065 2767 1120 2828 καὶ
1144 2759 1360 2845 κατασχόντος
1383 2765 1430 2838 τίς

149 2868 333 2947 Βραυρῶνα
355 2868 411 2949 τῆς
428 2862 575 2950 Ἀττικῆς
597 2861 754 2951 ἥρπασαν
777 2867 969 2947 παρθένους
996 2860 1234 2946 ἆρκτευομένας
1263 2864 1316 2947 τῆι
1341 2865 1429 2926 decis

148 2961 184 3025 ἐν
206 2966 445 3045 Βραυρωνίοις.
490 2965 547 3026 iam
577 2966 726 3044 quomodo
756 2964 946 3027 iudicandum
973 2965 1012 3027 sit
1041 2973 1174 3044 apparet:
1208 2963 1258 3026 uhi
1289 2961 1368 3024 onim
1399 2964 1430 3024 iu

148 3062 277 3124 cultihus
299 3062 463 3124 Brauronio
485 3073 515 3125 et
536 3063 685 3125 Munichio
716 3082 840 3144 pompae
863 3063 967 3126 ductae
990 3074 1070 3135 sunt,
1101 3058 1225 3144 ἄρκτοι,
1254 3079 1329 3140 quae
1358 3060 1430 3140 quid

149 3171 299 3242 praeterea
333 3160 464 3233 iecerint,
499 3161 595 3222 dicero
631 3180 685 3222 uec
715 3181 836 3242 possum
868 3181 923 3223 uec
952 3161 1053 3234 debeo,
1089 3171 1237 3240 mmquam
1272 3159 1431 3239 canephori

149 3269 366 3341 processerunt.
407 3277 474 3320 cum
498 3268 598 3321 autem
624 3259 772 3322 Theocriti
798 3260 953 3322 scholiasta
979 3259 1110 3321 muneris
1137 3259 1210 3320 sacri
1238 3257 1430 3319 cerimoniam

151 3433 277 3483 uiehiouis
296 3434 337 3482 dio
357 3432 495 3483 Brauronia
523 3432 651 3483 celebrari
681 3439 807 3498 poterent,
835 3432 894 3498 quio
915 3433 991 3483 etiam
1012 3432 1148 3484 vicesimus
1167 3438 1253 3482 sextus
1270 3436 1349 3497 patet.
1385 3430 1431 3480 sed

150 3530 187 3575 ea,
206 3530 270 3579 quae
288 3513 415 3565 liebertus
433 3515 544 3565 coniecit
562 3512 659 3578 (Goett.
678 3515 727 3578 gel.
748 3515 812 3565 Αιιτ.
835 3515 891 3577 lbi,
909 3512 963 3565 Vlll
981 3530 1004 3580 p.
1018 3513 1087 3574 5³5),
1105 3528 1252 3578 quamquam
1269 3512 1328 3563 veri
1345 3513 1432 3578 specie

151 3611 200 3644 uon
219 3604 317 3655 curent,
335 3603 418 3645 tamen
438 3611 483 3661 pro
498 3595 683 3647 lluuichiorum
702 3596 875 3647 similitudine
893 3597 1000 3647 credere
1018 3593 1120 3657 dubito;
1139 3609 1195 3644 oum
1212 3593 1344 3660 {dionysiis
1362 3594 1431 3644 enim

150 3677 296 3741 agrestibus
315 3677 362 3725 ille
380 3677 520 3727 brauronia
540 3679 713 3743 coniungenda
733 3693 790 3730 esse
809 3679 964 3744 suspicatur.

251 3758 284 3817 ¹⁴)
303 3759 443 3821 penteteris
462 3754 708 3822 (unicalamum.
729 3759 784 3812 LlV
797 3761 821 3823 l,
841 3758 905 3810 Poll.
919 3756 974 3808 Vlll
991 3758 1045 3820 10¹1,
1065 3758 1196 3824 aristoph.
1216 3756 1269 3808 Pan
1287 3756 1433 3818 hid-8¹16,

153 3840 210 3891 lles.
223 3840 417 3908 Βραυρωνίοις.
445 3841 568 3905 quomodo
586 3841 673 3907 quinto
692 3857 789 3908 quoque
802 3857 868 3892 auno
881 3839 1038 3891 cerimoniae
1051 3839 1219 3905 amplificatae
1231 3838 1293 3903 siut,
1311 3844 1432 3889 accurate

152 3921 251 3971 deliniri
278 3919 372 3985 nequit.
408 3921 452 3970 sed
481 3921 532 3970 uisi
559 3923 650 3972 civium
675 3938 778 3973 numero
798 3922 893 3972 maiore
912 3935 1016 3987 pompae
1034 3918 1140 3970 formam
1159 3927 1279 3971 mutatam
1299 3934 1356 3969 esse
1374 3919 1432 3970 verl

153 4004 237 4054 simile
251 4008 360 4053 nonest.
389 4003 454 4068 quod
473 4001 585 4053 sortasse
598 4004 632 4053 ita
645 4004 728 4066 dehet,
748 4011 776 4054 ut
788 4005 818 4053 ad
832 4001 947 4065 iemiuas,
968 4017 1070 4070 querum
1085 3987 1222 4053 Brauronia
1235 4000 1338 4068 propria
1352 3999 1432 4052 fuisse

153 4100 185 4136 ex
204 4084 327 4135 Herodoti
347 4083 542 4149 Philochorique
560 4085 718 4136 testimoniis
738 4082 853 4146 lvl138,
871 4083 983 4146 1v1m3
1003 4084 1073 4135 Alth.
1093 4083 1138 4133 lib.
1153 4082 1161 4134 l
1179 4084 1205 4134 io
1224 4083 1324 4134 scholio
1337 4084 1358 4134 Α
1372 4083 1433 4145 594)

154 4166 247 4230 elucet,
267 4167 319 4218 viri
338 4167 490 4217 accederent
503 4168 556 4230 (Aa.
572 4166 622 4216 Pax
643 4167 660 4215 l·
673 4167 715 4232 c),
734 4168 777 4232 qui
795 4168 859 4217 hauc
879 4181 991 4233 pompam
1009 4165 1070 4215 item
1089 4172 1164 4231 atque
1183 4165 1279 4216 milites
1298 4171 1325 4215 et
1343 4164 1433 4231 ephebi

153 4263 266 4315 pompam
285 4248 438 4299 Munichiam
466 4247 549 4299 secuti
573 4247 695 4300 videntur
714 4263 784 4312 esse;
812 4248 877 4313 quod
904 4247 974 4298 nefas
1001 4245 1082 4296 luisse
1107 4246 1165 4297 veri
1193 4245 1278 4296 simile
1305 4263 1356 4295 non
1384 4252 1433 4296 est.

153 4345 216 4394 quse
243 4337 377 4394 praeterea
401 4330 490 4395 quinto
515 4344 611 4396 quoqne
628 4344 693 4379 anuo
713 4330 842 4379 Braurona
870 4328 1073 4380 instituebantur
1092 4328 1274 4394 rhapsodorum
1293 4328 1433 4378 cacumina

151 4411 221 4473 (iles.
233 4413 440 4481 Βραυρωνίοις),
459 4410 571 4463 lortasse
588 4427 603 4462 a
619 4409 794 4463 Pisistratldis
812 4411 914 4462 condita
932 4417 992 4461 suut
1009 4409 1051 4472 (cl.
1066 4411 1096 4462 de
1109 4408 1284 4462 Wilamowitz
1296 4404 1433 4474 liydatlrea

153 4509 177 4563 p.
193 4491 250 4558 128,
262 4494 313 4555 lt).
