3126 5056
667 273 887 335 ..qq-

140 449 288 511 labrorum
312 449 367 509 deo
390 448 517 526 ducta⁸).
562 448 646 509 cuius
674 447 749 508 viam
777 448 958 527 ignoramus,
992 467 1059 510 cum
1093 467 1190 529 neque
1217 468 1233 510 a
1261 452 1327 511 loro
1354 469 1416 511 eam

138 551 299 628 prolectam
323 565 386 607 esse
409 546 557 620 constet⁹l
584 565 679 625 neque
702 547 822 607 Vulcani
850 549 993 627 templum
1017 557 1142 609 aetatem
1167 548 1271 609 tulisse
1295 567 1417 629 prorsus

139 658 252 707 certum
277 644 374 722 sit¹⁰).
418 665 493 726 quae
519 664 626 726 pompa
653 664 728 706 nora
760 646 935 725 antiquioris
969 646 1143 708 memoriam
1177 647 1334 721 exstinxit3
1368 647 1418 709 sed

139 745 283 805 minorem
307 763 370 806 eam
394 746 522 824 quidem,
556 744 684 805 similem
713 754 810 805 tamen
839 745 937 806 labros
960 745 1124 825 antiquitus
1147 745 1276 807 Vulcano
1299 746 1418 808 duxisse

138 843 287 923 probabile
302 854 357 905 est.
394 843 479 905 cuius
503 853 602 904 utrum
626 843 702 904 ritus
725 845 899 905 vetustiores
922 845 1035 925 proprii
1056 843 1170 906 tuerint
1191 863 1286 906 necue
1308 845 1418 906 diiudi-

138 942 197 1004 cari
220 943 332 1022 nequit.

668 1130 885 1193 eburnei.

239 1297 479 1360 Maemacterione
511 1306 637 1358 exeunte
663 1296 741 1359 cives
765 1296 958 1359 Athenienses
984 1315 1052 1358 cum
1075 1297 1151 1378 pelle
1172 1298 1295 1372 hostiae,
1328 1319 1416 1380 qnam

138 1397 244 1475 singuli
268 1397 328 1458 lori
351 1396 478 1457 Milichio
500 1396 732 1467 immolaverant,
761 1396 862 1457 lebrua
886 1398 915 1458 in
940 1395 1024 1458 trivia
1047 1396 1221 1471 efferebanm
1254 1409 1323 1459 ante
1346 1417 1418 1478 quas

139 1514 261 1575 pompas
283 1496 415 1576 parvolas
431 1495 565 1556 blercurii
587 1494 707 1555 cadurci
730 1497 852 1556 tortasse
875 1514 907 1556 ea
931 1495 966 1556 de
988 1496 1297 1575 comportabantur,
1322 1508 1356 1558 ut
1371 1498 1417 1558 dei

138 1595 285 1655 terrestris
308 1595 392 1672 signo
416 1594 490 1655 mala
513 1595 612 1655 omnia
636 1593 690 1654 rite
713 1612 748 1654 ex
772 1594 844 1655 urbe
867 1593 1103 1669 educerentur¹).
1148 1604 1182 1655 nt
1203 1596 1283 1656 euim
1307 1605 1418 1659 aestate

139 1691 259 1754 ineunte
281 1693 451 1772 Tbargeliis,
485 1693 524 1754 ita
547 1693 802 1764 llaemacterione,
836 1712 903 1754 cum
932 1693 1028 1754 biems
1055 1692 1234 1766 immineret,
1267 1693 1416 1756 civitatem

138 1792 319 1871 purgandam
344 1803 374 1852 et
395 1791 567 1872 expiandam
590 1809 656 1852 esse
678 1791 846 1853 censebant.
891 1792 976 1852 ouius
999 1791 1177 1853 cerimoniae
1199 1791 1316 1857 veteris.
1342 1811 1417 1873 quae

140 1900 300 1969 πομπατα
322 1891 466 1960 audiebat,
490 1891 587 1951 simile
603 1889 631 1950 in
649 1890 729 1950 cultu
748 1889 863 1970 publico
879 1909 938 1951 non
956 1890 1136 1958 ieronimum
1159 1891 1210 1952 seri
1227 1890 1416 1964 sacrificium,

139 1990 216 2066 quorl
232 1988 282 2050 20.
298 1989 448 2050 Maemaot.
473 1989 519 2050 die
535 1989 595 2050 lori
611 1990 758 2067 γεωργῶι
783 1986 911 2067 uenae),
934 1989 992 2050 huc
1014 1991 1130 2051 videtur
1151 1989 1309 2070 pertinere.
1347 2008 1415 2051 nam

139 2085 269 2147 hicnon
294 2090 391 2148 minus
413 2107 501 2168 quarn
527 2089 658 2169 luppiter
680 2089 826 2150 biilicbius
849 2088 879 2148 iu
903 2099 997 2149 terrae
1019 2088 1132 2167 gremio
1155 2088 1304 2167 regnabat.

240 2187 310 2247 haec
334 2187 436 2247 tradita
459 2199 542 2256 sunt;
565 2207 639 2267 quae
662 2201 759 2249 autem
783 2187 835 2247 viri
851 2187 929 2248 docti
946 2189 980 2248 de
996 2187 1208 2249 blaemacteriis
1222 2187 1416 2248 sollemnibus

139 2283 263 2362 publicis
286 2285 515 2362 coniecerunt⁸),
539 2305 571 2346 ea
595 2288 692 2347 omnia
716 2286 887 2365 neutiquam
912 2286 1013 2366 probo.
1052 2286 1124 2347 nibil
1145 2285 1224 2346 enim
1247 2285 1416 2347 communis

138 2380 197 2442 lovi
220 2381 403 2466 μαιμοὶκιηι
428 2393 635 2466 tempestatum
663 2385 852 2446 hibernarum
881 2383 972 2465 regib
1003 2403 1070 2446 cum
1095 2384 1160 2445 lore
1190 2385 1332 2458 terrestri,
1365 2383 1415 2463 qui

138 2493 266 2561 segetem
290 2483 448 2564 recipiebat
470 2487 633 2564 domosque
655 2484 798 2564 expiabat.

419 2742 654 2807 ΔΙΟΝΥΣΙΛ
684 2747 752 2807 ΤΑ
783 2745 908 2807 ΚΛΤ’
928 2746 1134 2807 Areon:

239 2910 401 2991 Pyanopsia
420 2920 449 2972 et
465 2910 678 2991 Oschophoria,
700 2911 807 2990 quibus
830 2915 949 2991 frugum
973 2910 1077 2972 messis
1100 2919 1130 2973 et
1152 2909 1316 2972 vindemiae
1336 2909 1413 2972 cele·

138 3007 307 3077 brabantur.
342 3009 537 3084 Posideone¹)
566 3028 598 3070 ea
627 3018 792 3088 sequuntur
814 3010 975 3083 sollemnia,
1006 3029 1081 3090 quae
1113 3009 1212 3089 fruges
1245 3008 1302 3070 iam
1335 3019 1415 3072 certo

238 3211 260 3273 ⁸)
279 3208 311 3259 cl.
329 3207 428 3260 Thessa
447 3209 578 3262 Disotaria
597 3209 721 3260 banditen
740 3210 882 3278 Asclepios.
919 3209 1013 3263 Reisclr
1031 3211 1049 3263 l.
1062 3228 1084 3263 o.
1104 3227 1126 3279 p.
1139 3211 1227 3278 Sisq,
1250 3210 1333 3262 Seuer
1350 3208 1415 3260 'l'bs-

138 3291 210 3342 seiou
231 3292 363 3435 ppjlb'ltsq.
421 3374 437 3424 4

279 3389 302 3423 v.
336 3389 363 3422 ι.
383 3388 407 3423 v.
439 3410 445 3423 .

239 3453 271 3518 ¹⁰)
289 3462 379 3505 contra
398 3471 436 3519 eu,
454 3456 684 3521 quaestuaria.
704 3472 727 3522 p.
741 3456 799 3507 236.
818 3457 946 3522 exposuit,
964 3457 1089 3522 zophorus
1108 3463 1271 3523 mstopuoque
1288 3454 1416 3507 militant:

139 3550 194 3587 uum
212 3545 239 3588 et
255 3537 320 3586 bunc
339 3543 365 3586 et
383 3537 443 3587 illas
461 3537 619 3604 antiquiores
638 3552 693 3589 esso
712 3553 745 3587 ex
762 3538 828 3588 artis
847 3552 941 3602 genero
959 3547 1073 3605 apparat.

239 3617 260 3681 1)
280 3618 394 3668 Eustatb.
412 3635 435 3685 p.
450 3619 523 3671 1235.
557 3636 615 3670 uum
633 3621 758 3670 caduceus
777 3620 824 3670 ille
843 3620 904 3670 olim
923 3621 1076 3670 sterilitatis
1096 3635 1185 3671 uumou
1204 3618 1416 3682 siscianensis

239 3699 260 3762 ²)
279 3699 331 3750 Cla
345 3698 428 3762 11111,
456 3700 488 3752 ol.
507 3702 644 3769 sophorum
667 3703 709 3767 qui
728 3709 768 3753 ost
786 3703 812 3752 iu
831 3702 926 3752 sacello
945 3703 1091 3767 Παναγίας
1109 3693 1321 3772 Γοργοεπηκόου
1338 3703 1373 3765 (v.
1392 3714 1413 3751 s.

138 3781 190 3848 μθ
209 3781 326 3842 until).

237 3864 259 3927 ⁸)
278 3864 437 3914 sollemnium
465 3880 553 3916 uomou
581 3866 709 3918 bloursius
737 3882 751 3917 ο
777 3867 873 3918 msusis
900 3866 1000 3916 uomina
1027 3865 1135 3930 sumpsit
1164 3864 1219 3928 (Gr.
1237 3861 1284 3917 lor.
1309 3881 1332 3933 p.
1346 3864 1415 3927 2⁰⁰),

139 3943 267 3997 Eustuthii
286 3947 369 3996 locoru
388 3947 418 3996 ad
439 3946 573 3998 sollemnis
592 3949 694 4014 publicu
713 3949 804 4000 retulit
818 3947 941 3999 Welckor
961 3945 1006 3998 Gr.
1022 3946 1101 4014 myth.
1115 3945 1124 3997 1
1137 3962 1161 4012 p.
1171 3945 1229 3998 2119.
1255 3945 1287 3997 ol.
1300 3944 1415 3999 Puellar-

139 4025 259 4079 llobertl
280 4044 302 4094 p.
320 4027 451 4090 131,111;
470 4026 555 4079 Goett.
574 4031 624 4093 gol.
646 4032 706 4080 rtur.
729 4031 773 4081 1111
795 4047 817 4096 p.
832 4030 888 4080 511.

239 4110 260 4170 ⁴)
281 4110 470 4178 Lysimscbitles
489 4127 528 4178 up.
547 4111 621 4178 ilsrp.
641 4111 868 4179 Μαιμακτηριών,
887 4110 918 4163 cl.
939 4111 1010 4161 Suitl.
1031 4127 1053 4162 s.
1066 4125 1090 4160 v.

237 4192 259 4255 ¹)
277 4191 405 4258 'lbaopbn
424 4192 498 4243 Char.
511 4191 560 4255 111,
579 4195 659 4244 schol.
679 4195 770 4245 Aosch.
791 4193 798 4243 1
817 4194 859 4254 13,
878 4194 958 4244 schol.
978 4192 1043 4243 Plut.
1069 4208 1111 4244 ros
1137 4192 1206 4260 publ.
1226 4208 1249 4260 p.
1267 4192 1347 4256 aaut,
1364 4192 1416 4244 lox.

138 4270 243 4325 S*tuum
257 4272 287 4324 V.
302 4274 402 4324 Baikor
420 4291 441 4340 p.
457 4275 506 4324 235
519 4275 543 4324 6.
581 4273 612 4325 ei.
625 4273 676 4324 cta
691 4273 712 4324 ll
724 4275 774 4324 518
788 4292 811 4325 v.
826 4274 871 4325 36:
893 4277 939 4340 τῆς
956 4273 987 4326 δὲ
1005 4271 1099 4342 leuans
1116 4273 1164 4326 lut
1180 4273 1244 4327 δέκα
1261 4277 1311 4326 τοῦ
1330 4276 1415 4325 Hous-

219 4358 256 4418 τις]
273 4349 586 4425 μ(η1ν[ὸςχρηματίζε]ιν
596 4357 671 4425 πε[ρ1
683 4358 856 4420 Asoelvotuv.
885 4358 954 4408 circu
969 4357 1008 4410 19.
1021 4360 1117 4408 mensis
1130 4359 1195 4408 disus
1208 4357 1290 4422 igitur
1303 4354 1416 4424 llyrrbi·

241 4437 349 4504 *iouysiu
368 4438 538 4502 celebrabunt,
556 4439 599 4489 seri
619 4445 691 4490 carto
711 4454 758 4488 non
778 4438 833 4505 ipso
855 4439 893 4502 tu,
911 4440 975 4506 quod
994 4456 1040 4507 per
1053 4454 1166 4492 errorem
1185 4439 1291 4506 scripsit
1310 4435 1415 4502 Stcuqsl

261 4517 302 4569 106
314 4517 338 4570 2.
