3126 5056
775 1222 799 1288 Ι.

377 1417 476 1500 ΒΕ
524 1418 815 1502 POMPIS
865 1421 1203 1506 ATTIOIS.

588 1627 622 1681 a.
660 1615 976 1696 temportsoertt.

536 1808 1032 1873 ΠΛΝΑΘΗΝΑΙΑ.

638 2001 664 2060 1.
699 2001 740 2062 de
762 1999 937 2063 lontibus.

248 2136 479 2199 Panathenaicae
506 2155 629 2218 pompae
656 2139 722 2199 lons
752 2139 931 2213 uberrimus,
961 2138 1012 2219 qui
1034 2139 1071 2200 ab
1093 2139 1159 2219 ipso
1180 2138 1298 2201 saeculo
1320 2140 1424 2220 quinto

147 2237 244 2299 adhoc
265 2246 389 2298 aetatem
414 2235 489 2309 tulit,
512 2236 707 2299 Parthenonis
729 2238 876 2318 zophorus
896 2246 951 2299 est.
985 2257 1060 2318 quae
1075 2247 1173 2318 partes
1189 2247 1287 2300 autem
1303 2247 1333 2300 et
1348 2247 1425 2300 tem-

147 2354 253 2418 porum
282 2345 312 2397 et
340 2335 532 2397 barbarorum
558 2335 714 2416 iniquitate
740 2355 859 2417 pessum
888 2336 971 2398 datae
1000 2345 1079 2410 sunt,
1103 2356 1153 2399 eae
1175 2355 1278 2398 omnes
1302 2337 1361 2398 iere
1383 2336 1424 2398 ita

147 2435 263 2498 restitui
285 2444 420 2516 possunt,
445 2444 477 2497 ut
499 2435 572 2496 nihil
594 2454 679 2514 grave
702 2435 803 2497 deesse
826 2444 939 2498 certum
963 2434 1043 2512 sit¹).
1089 2444 1188 2497 tamen
1211 2436 1319 2497 eximio
1342 2438 1423 2497 lontc

147 2538 263 2597 cautius
291 2543 410 2596 utamur
436 2533 634 2595 necessarium
666 2543 720 2608 est,
748 2553 816 2596 uam
844 2535 973 2615 primum
1001 2533 1104 2596 artifex
1131 2553 1268 2614 pompam
1290 2552 1349 2595 non
1372 2533 1422 2607 ita,

149 2643 182 2694 ut
215 2651 275 2693 uuo
307 2641 388 2695 certo
421 2633 563 2713 temporis
597 2642 748 2694 momento
776 2636 957 2694 conformata
980 2641 1052 2706 erat,
1085 2633 1114 2693 in
1138 2632 1239 2712 templi
1262 2631 1422 2712 parietibus

145 2732 308 2812 proposuit,
342 2731 392 2792 sed
421 2749 605 2792 summarum
635 2732 707 2793 artis
735 2732 832 2811 legum
860 2731 1057 2811 peritissimus
1086 2731 1126 2792 ita
1148 2731 1281 2810 sculpsit,
1315 2731 1422 2812 utqui

146 2831 273 2891 alatere
296 2829 467 2890 occidentali
490 2847 576 2891 orsus
598 2830 633 2892 ad
656 2839 771 2910 portam
795 2830 965 2892 orientalem
990 2829 1160 2910 procederet
1182 2848 1320 2911 pompam
1336 2848 1422 2911 prae-

148 2937 281 3008 paratam
315 2928 432 2990 doctam
465 2929 579 2990 linitam
612 2928 739 3002 videret,
773 2939 862 3009 atque
892 2929 920 2990 id
954 2947 1013 2989 uon
1038 2927 1132 2988 solum
1156 2927 1182 2988 is
1204 2928 1255 3007 qui
1277 2928 1419 3008 parietem

144 3025 413 3107 septentrionalem,
441 3027 492 3089 sed
519 3028 609 3089 etiam
636 3027 735 3108 isqui
759 3028 978 3089 meridionalem
1002 3026 1184 3107 praeteriret.
1229 3046 1288 3106 quo
1309 3027 1420 3088 lactum

143 3134 197 3199 est,
226 3135 260 3186 ut
281 3125 353 3186 duas
376 3144 499 3206 pompas
521 3126 650 3206 integras
673 3128 805 3206 lingeret,
834 3145 960 3205 quarum
984 3126 1085 3197 maior,
1108 3143 1183 3204 quae
1205 3124 1241 3185 ab
1264 3125 1419 3188 homiuum

142 3233 225 3304 parte
248 3223 358 3285 maiore
380 3224 542 3298 uidebatur,
570 3245 585 3285 a
608 3226 698 3286 latere
721 3225 891 3286 occidentali
913 3243 966 3305 per
988 3223 1224 3304 septentrionale,
1249 3223 1345 3285 minor
1366 3244 1420 3305 per

143 3322 332 3384 meridionale
354 3322 431 3384 latus
453 3323 489 3385 ad
512 3323 652 3386 orientale
675 3323 801 3386 ducitur.
845 3323 957 3403 itaque,
992 3342 1059 3385 cum
1090 3341 1214 3402 pompae
1242 3322 1374 3383 ordinem
1403 3343 1419 3384 e

141 3422 270 3502 zophoro
293 3440 468 3500 cognoscere
496 3441 646 3496 conemur,
669 3423 743 3485 duae
765 3441 889 3504 pompae
911 3430 995 3484 caute
1018 3420 1230 3502 comparandae
1252 3427 1332 3482 sunt.

241 3520 354 3581 accedit
375 3521 454 3599 quod
477 3540 573 3600 neque
595 3522 626 3582 in
649 3522 804 3583 hominum
830 3521 1049 3601 bestiarumque
1072 3537 1198 3581 numero
1220 3517 1358 3599 nequein
1375 3538 1417 3594 ea,

141 3637 215 3699 quae
244 3619 323 3681 inter
350 3618 533 3698 singularum
560 3638 684 3701 pompae
711 3620 838 3700 partium
862 3619 1094 3699 magnitudinem
1118 3617 1282 3689 intercedit,
1305 3617 1417 3679 ratione

140 3719 194 3779 niti
217 3737 387 3799 possumus.
424 3718 504 3780 uelut
526 3718 626 3780 decem
649 3727 700 3780 aut
722 3719 859 3781 undecim
888 3718 982 3780 bobus
1006 3719 1177 3780 hecatombe
1200 3720 1381 3799 significatur
1390 3720 1416 3799 ³)

139 3825 169 3878 et
191 3816 304 3896 equites
326 3816 518 3897 pulcherrimi
544 3837 708 3898 currusque
734 3818 772 3879 ita
800 3818 976 3898 praevalent,
1006 3826 1040 3878 ut
1061 3817 1173 3897 pedites
1197 3819 1254 3880 nisi
1277 3818 1362 3899 pauci
1384 3818 1415 3880 iu

139 3934 247 3997 pompa
271 3916 361 3977 luisse
384 3935 444 3977 non
467 3916 630 3979 videantur.
674 3918 752 3998 quod
775 3917 815 3980 ita
838 3936 896 3979 non
918 3917 1010 3978 luisse
1032 3916 1184 3996 scimust).

239 4015 289 4076 sed
312 4015 400 4077 etiam
424 4016 538 4076 minora
561 4034 593 4077 ea
616 4015 745 4096 quidem,
769 4015 854 4078 nobis
878 4025 975 4078 tamen
998 4034 1058 4076 nou
1079 4015 1179 4077 miuus
1195 4013 1291 4095 gravia
1307 4032 1415 4075 secuu-

138 4112 210 4173 dum
238 4113 310 4175 artis
336 4114 415 4194 leges
442 4123 554 4177 motata
581 4124 664 4177 sunt:
688 4116 775 4196 plano
797 4115 876 4176 enim
899 4124 1039 4196 prostypo
1061 4115 1208 4195 zophorus
1230 4113 1362 4194 sculptus
1385 4121 1415 4174 et

239 4323 260 4387 ¹)
279 4323 420 4387 Michaelis,
439 4324 491 4376 ller
508 4323 651 4376 Parthenon
670 4341 694 4392 p.
709 4325 852 4377 tot-265.

238 4403 259 4471 ²)
277 4405 412 4458 Michaelis
429 4406 448 4457 l.
466 4423 488 4457 e.
506 4423 529 4474 p.
548 4405 606 4457 tto.

237 4486 434 4556 Umhpffi
