3126 5056
783 178 1002 240 ..10..

258 363 304 416 est
313 356 360 436 ⁶⁴).
418 371 505 433 quem
543 370 657 414 morem
690 352 727 414 ah
764 354 806 415 eis
842 353 1036 435 temporibus,
1072 371 1200 434 quorum
1231 353 1409 434 Symmachi
1444 353 1541 417 fontes

257 454 391 534 erant⁶⁶),
415 471 508 532 usque
530 451 564 512 ad
581 452 711 513 medium
728 453 852 515 alterum
870 475 898 534 p.
914 454 983 514 Chr.
999 472 1029 514 n.
1045 454 1197 514 saeculum
1211 453 1404 534 norimus⁸‘).
1437 454 1540 516 deinde

258 552 333 613 eirca
356 570 467 613 annum
490 552 560 613 400.
576 571 606 632 p.
622 550 690 613 Chr.
706 571 736 614 n.
760 571 864 614 narem
880 571 1096 633 nonnunquam
1113 552 1258 632 usquead
1274 553 1426 633 templum
1442 553 1537 634 ipsum

258 651 375 712 ductam
398 669 462 713 esse
484 651 656 726 samueli),
689 651 768 731 quod
800 660 868 714 ante
890 670 1003 713 annum
1028 653 1098 713 134.
1114 671 1142 732 p.
1158 651 1227 712 Chr.
1243 670 1274 712 n.
1297 660 1382 714 serto
1403 653 1537 714 nondum

258 750 367 812 laetum
389 750 505 822 erat⁵⁸).
541 750 682 813 iumentis
703 760 802 812 autem
825 750 1020 812 Athenienses
1042 761 1110 812 ante
1133 750 1280 812 Herodem
1297 751 1433 813 Atticum
1456 750 1538 832 equis

258 848 472 928 utebantur⁶⁹)‚
505 859 616 930 postea,
649 858 793 929 quantum
828 849 947 929 quidem
975 860 1094 930 tempus
1117 850 1196 912 illius
1219 849 1303 911 naris
1323 850 1445 930 integra
1468 860 1536 923 erat,

259 948 391 1010 maehina
413 947 537 1029 quadam
560 948 780 1026 artedeiosa⁶⁰).

357 1047 470 1122 deinde,
494 1057 527 1109 ut
548 1047 584 1108 ad
607 1056 739 1128 tempora
761 1046 926 1126 antiquiora
948 1048 1153 1120 ascendamus,
1183 1047 1311 1110 eundem
1333 1049 1445 1111 malum
1469 1067 1535 1112 eum

257 1156 384 1208 antenna
420 1145 570 1228 splendide
603 1157 777 1208 exornatum
811 1154 938 1208 exeunte
971 1147 1088 1210 saeculo
1120 1157 1151 1208 et
1179 1156 1285 1226 quarto
1306 1180 1350 1191 -
1371 1146 1537 1229 Philippide

259 1245 375 1329 teste⁶¹)
397 1281 437 1289 -
460 1255 491 1308 et
512 1244 616 1325 quinto
640 1280 678 1288 -
703 1254 779 1307 teste
801 1244 990 1320 Strattide⁸²)
1014 1282 1054 1290 -
1076 1246 1254 1308 invenimus.
1299 1264 1423 1307 currum
1446 1247 1536 1326 igitur

256 1345 313 1407 illis
337 1344 519 1426 temporibus
542 1343 690 1406 exstitisse
713 1343 911 1405 necessarium
934 1353 989 1414 est,
1013 1364 1117 1406 navem
1140 1364 1217 1406 non:
1244 1363 1314 1407 nam
1337 1344 1422 1406 laeile
1445 1344 1536 1407 hthe-

258 1444 375 1506 nienses
398 1443 534 1505 vexillum
557 1476 600 1487 -
623 1442 696 1503 nihil
727 1443 806 1504 aliud
835 1444 914 1503 enim
944 1442 1022 1522 ligna
1044 1443 1076 1504 in
1098 1444 1122 1503 T
1145 1444 1245 1505 literae
1269 1444 1392 1506 modum
1416 1443 1536 1506 eonfor-

258 1540 376 1618 mata⁶³l
399 1546 583 1604 luerunt-
607 1541 715 1602 malum
739 1552 769 1602 et
790 1550 948 1603 antennam
972 1543 1117 1623 appellare
1139 1552 1285 1624 poterant.
1329 1543 1378 1604 oui
1402 1541 1537 1623 opinioni

258 1641 408 1704 Strattidis
430 1640 516 1702 verba
539 1640 647 1714 favent,
670 1659 738 1702 eum
762 1640 839 1703 dieat
862 1634 1001 1721 ὥσπερ
1026 1636 1141 1703 ioslov.
1186 1651 1274 1720 atque
1296 1640 1385 1702 etiam
1408 1660 1425 1701 e
1448 1640 1538 1715 tituli,

257 1741 308 1823 qui
332 1750 377 1803 est
399 1739 435 1802 de
458 1739 630 1821 l’lrilippidis
654 1739 812 1819 legatione,
841 1739 938 1801 verbis
966 1737 1124 1819 διελέχθη
1153 1738 1190 1800 δὲ
1217 1738 1273 1800 καὶ
1296 1733 1379 1821 ὑπὲρ
1403 1741 1539 1821 κεραίας

259 1840 314 1903 sul
339 1836 434 1901 insoni
458 1850 521 1900 tum
544 1840 641 1901 solum
665 1839 801 1901 vexillum
825 1838 976 1920 splendide
1000 1848 1137 1899 ornatum
1158 1858 1224 1900 esse
1238 1848 1369 1918 apparet.
1406 1856 1537 1918 quocum

260 1938 335 1999 iletre
357 1938 502 2010 convenit,
526 1938 604 2017 quod
628 1937 657 1998 in
682 1938 815 2018 symbolo
831 1938 957 2018 quodam
975 1937 1114 2018 plumbeo
1130 1937 1285 2017 Gottingae
1300 1948 1453 1999 asservato
1467 1955 1540 1999 cur·

258 2056 309 2099 rus
331 2046 457 2117 ‹prratuor
486 2046 617 2097 rotarum
641 2054 798 2117 expressus
825 2046 879 2105 est.
912 2036 943 2097 in
966 2055 1025 2115 quo
1047 2036 1125 2115 ligna
1148 2037 1283 2098 videmus
1305 2036 1397 2098 labari
1420 2036 1538 2108 similia,

258 2154 333 2218 (puae
356 2134 465 2197 malum
489 2144 518 2197 et
539 2143 698 2197 antennam
721 2154 786 2197 esse
809 2134 982 2214 censeas.⁸⁴)
1020 2134 1069 2195 sed
1093 2136 1171 2216 pepli
1193 2153 1313 2197 currum
1336 2152 1369 2196 re
1391 2153 1461 2196 vern
1484 2136 1541 2196 hoc

258 2235 287 2297 in
311 2234 443 2315 syrrrholo
466 2234 566 2297 lictum
590 2253 653 2296 esse
677 2253 709 2296 ea
732 2234 768 2296 de
792 2254 879 2297 causa
899 2252 1003 2315 parum
1019 2233 1177 2296 verisimile
1192 2244 1246 2307 est,
1270 2233 1337 2314 quia
1352 2233 1460 2315 peplus
1476 2233 1542 2315 ipse

357 2409 389 2472 “l
408 2408 460 2460 alio
479 2408 551 2459 morlo
570 2407 655 2474 peplus
675 2408 710 2458 itn
730 2415 758 2458 ut
776 2408 801 2458 in
821 2423 908 2474 pompa
921 2407 1069 2474 splenderet
1081 2408 1180 2474 portari
1193 2424 1242 2457 non
1256 2413 1358 2475 poterat
1370 2413 1446 2472 atque
1459 2407 1540 2458 etiam

257 2491 330 2543 hodio
350 2491 448 2543 vexilla
467 2490 505 2542 sle
525 2489 549 2539 lu
570 2489 665 2555 pompis
684 2497 834 2556 portantur3
862 2490 937 2556 quale
956 2488 1063 2539 llallaeli
1082 2491 1175 2540 Snneta
1189 2489 1268 2552 Virgo
1288 2495 1353 2540 erat.
1388 2488 1436 2538 hae
1455 2488 1540 2552 igitur

257 2574 287 2625 de
306 2590 381 2626 eausa
402 2572 482 2623 malus
501 2577 658 2637 antennaqua
677 2573 807 2637 splendide
826 2573 1025 2625 exornabantur.

358 2654 390 2715 ss,
409 2652 586 2705 commentarii
606 2652 631 2702 in
650 2653 845 2719 Aristophanem
863 2653 1030 2719 antiquiores,
1048 2652 1128 2705 schol.
1148 2651 1230 2719 liquit.
1248 2652 1266 2703 l.
1280 2668 1311 2715 e,
1330 2647 1361 2702 oi.
1380 2656 1433 2701 not.
1447 2648 1489 2700 ³5.

359 2736 392 2797 Μ)
410 2750 432 2786 ι.
449 2736 505 2795 tlt,
524 2733 646 2785 l'ltiloatr.
666 2734 682 2784 l.
696 2751 718 2785 e.

359 2816 390 2877 l¹)
409 2815 461 2867 dle
482 2813 512 2867 ΙΙΙ
527 2816 584 2865 llll.

358 2896 391 2963 ⁵⁸)
409 2899 472 2948 lane
489 2896 614 2957 gloriandi
634 2897 801 2960 occasionem,
820 2896 842 2946 si
855 2910 969 2963 nmquam
982 2903 1056 2948 antea
1069 2895 1163 2948 laetum
1178 2903 1253 2962 esset,
1273 2896 1387 2948 llerodes
1399 2903 1472 2947 eerto
1485 2910 1538 2947 non

259 2979 485 3047 pinasternrlalsset.
500 2979 570 3030 euius
581 2995 670 3032 navent
681 2994 725 3046 per
738 2993 765 3028 ae
779 2993 826 3028 non
841 2977 916 3028 nimis
930 2977 1066 3030 notabilem
1079 2981 1161 3041 (certo
1174 2979 1254 3044 igitur
1267 2996 1315 3030 non
1327 2979 1448 3031 maiorem
1461 2993 1538 3045 quana

259 3076 321 3127 spnae
335 3062 358 3111 ln
372 3076 455 3111 arcem
469 3060 525 3111 duel
539 3063 673 3128 potuisset,
692 3061 714 3111 sl
728 3060 855 3113 voluisset
869 3060 991 3121 herodes)
1004 3060 1142 3113 Pausanias
1155 3062 1258 3113 videtur
1275 3070 1404 3128 spectasse
1417 3059 1491 3125 (129,
1503 3060 1536 3121 ll.

359 3142 391 3209 ⁸⁹)
408 3142 464 3205 hoe,
491 3158 545 3191 eum
574 3159 618 3209 per
645 3160 672 3194 se
700 3141 842 3195 verisimile
869 3143 914 3205 sit,
942 3156 972 3190 eo
994 3143 1165 3206 confirmatur,
1184 3144 1249 3209 quod
1269 3160 1282 3195 e
1301 3143 1349 3195 tali
1368 3157 1445 3193 eurrn
1463 3140 1536 3208 quali

258 3221 381 3291 apsrhatae
401 3224 536 3274 utshnntur
556 3224 622 3290 popli
641 3239 732 3275 currus
752 3222 835 3274 iaetus
853 3223 957 3274 videtur
976 3236 1032 3271 esse
1052 3228 1085 3286 lv.
1106 3225 1121 3274 i.
1142 3224 1314 3292 putatet).
1350 3224 1451 3275 aceedit
1467 3224 1533 3289 quod

260 3307 285 3359 lo
317 3304 432 3374 synthesis
455 3303 570 3371 plumbeo
600 3305 665 3373 quod
696 3302 834 3367 Gottingae
862 3309 1013 3356 asservatur
1034 3306 1070 3367 (v.
1090 3305 1107 3356 i.
1136 3321 1191 3356 enm
1219 3306 1287 3358 notis
1313 3306 1346 3357 64
1373 3313 1400 3357 et
1425 3306 1479 3368 65),
1511 3303 1535 3355 si

260 3388 332 3437 niodo
351 3388 380 3437 ad
400 3402 500 3439 onerum
520 3386 732 3440 l‘auathenaieum
751 3384 846 3437 relerrl
866 3391 961 3453 potest,
979 3386 1037 3452 equi
1055 3389 1172 3455 expressi
1190 3395 1259 3439 sunt.
1286 3404 1348 3454 qnos
1360 3386 1535 3439 Philostratus

259 3466 371 3519 tristasse
394 3484 439 3519 suo
463 3483 533 3519 more
555 3484 695 3536 synonymo
719 3462 851 3535 ὑποζύγια
874 3466 1002 3533 signifieat
1024 3470 1178 3521 seumelios
1197 3469 1367 3521 obseurat-
1386 3468 1535 3520 nisimnlos

259 3550 405 3613 alsoldeare
424 3548 513 3600 uoluit.

359 3630 393 3689 l⁴¹)
412 3630 531 3681 l’hllnstr.
550 3630 567 3681 l.
587 3646 608 3681 r..
631 3630 703 3681 euius
729 3627 873 3699 ὑπογείους
894 3623 1021 3700 praevtis
1039 3646 1115 3698 equos
1134 3630 1214 3683 luisse
1234 3632 1352 3700 suspicor
1371 3632 1459 3699 quiin
1478 3632 1535 3699 ipsa

261 3727 325 3763 nave
353 3712 473 3764 latebant.
515 3712 629 3777 quallhus
654 3712 772 3762 eurrihus
796 3711 929 3763 navalibus
954 3713 1046 3764 elerlei
1065 3710 1199 3764 lsahellam
1225 3713 1370 3765 Britannasn
1397 3713 1424 3763 in
1447 3714 1536 3765 nrhenr

259 3793 391 3845 lhrluolatu
410 3794 579 3857 deduxerunt,
596 3791 629 3843 el.
649 3792 807 3844 llurelthardt
826 3794 916 3845 Cultus·
934 3794 980 3845 der
999 3792 1170 3846 Renaissanee
1183 3793 1205 3845 ll
1223 3812 1245 3862 p.
1260 3795 1316 3845 llo.

361 3874 393 3939 ιι)
412 3872 464 3923 tllh
483 3873 501 3923 ll
520 3876 568 3924 :tlt
591 3874 615 3923 ln
641 3872 793 3940 l'hlllppidls
816 3876 904 3926 ooalei
928 3876 1057 3926 honorem.
1101 3875 1167 3926 unde
1191 3876 1282 3926 malum
1306 3891 1361 3927 eum
1380 3884 1491 3928 antenna
1508 3882 1536 3927 et

261 3958 401 4025 prutlosum
420 3962 446 4005 et
464 3954 631 4005 artidriosnm
650 3952 730 4005 luisse
749 3954 921 4019 colligendum
941 3963 988 4008 est.

360 4039 393 4097 η)
411 4036 517 4087 Strsltlu
537 4034 600 4101 apud
621 4034 694 4102 llarp.
713 4038 827 4087 aeneide
838 4036 965 4097 (hlainelie
979 4038 1003 4101 2,
1017 4038 1081 4099 ⁷723
1100 4037 1109 4089 l
1123 4038 1196 4101 dhhlz
1216 4032 1383 4090 edentulos
1396 4035 1426 4090 δὲ
1439 4037 1537 4090 τοῦτον

259 4118 362 4172 ilaei—o'
381 4112 518 4173 dedentes
542 4118 661 4173 ιονιιίοις
682 4110 779 4183 tiedpas
798 4112 982 4185 ἀναρίθμητοι
1003 4119 1040 4175 tle
1057 4114 1144 4189 ἄκρον
1162 4112 1256 4190 ὥσπερ
1274 4119 1363 4172 ἱστίον
1380 4114 1429 4172 τὸν
1445 4117 1534 4173 ἱστόν.

362 4201 393 4261 ⁸³)
413 4200 483 4250 l'hot.
503 4194 578 4253 ἱστὸς
596 4199 639 4247 aad
659 4199 763 4263 arestein.

360 4284 391 4339 “l
411 4280 539 4333 houedorf
556 4281 674 4343 lleitriipo
693 4296 739 4329 aur
753 4278 878 4331 lieuntnla
891 4281 934 4331 des
947 4281 1072 4333 attisehen
1085 4279 1209 4333 Theatera
1223 4281 1359 4344 (Zeitsehr.
1372 4281 1414 4333 liir
1425 4290 1536 4333 oesterr.

261 4366 352 4437 Gyara.
367 4363 466 4427 xxvl)
485 4380 506 4431 p.
521 4364 563 4428 ld,
582 4363 606 4413 ln
626 4360 712 4413 tahnla
731 4376 754 4412 n.
769 4360 793 4411 h.
