3126 5056
693 261 934 326 -106-

171 439 323 510 eesserint
357 437 484 514 seimus,
515 437 640 519 denique
673 438 778 519 reliqui
811 437 907 503 theoni
941 437 1148 519 sequebantur.
1193 456 1249 519 qua
1280 438 1325 501 via
1347 447 1448 502 autem

172 556 296 620 pompae
318 536 471 619 Delphicae
498 555 603 599 omnes
635 547 853 618 processerunt,
888 555 952 600 eam
976 536 1064 599 etiarn
1087 537 1175 599 hodie
1196 536 1309 618 ingredi
1333 537 1454 618 bearn).

173 637 278 699 deinde
311 637 504 699 sollemnibus
537 637 628 699 linitis
662 637 773 700 theoria
806 655 874 700 oum
905 637 965 717 igni
988 655 1071 699 sacro
1093 636 1216 699 domum
1239 637 1452 700 revertebatur.

173 755 247 815 qnos
269 744 366 798 autem
391 735 469 798 vioos
491 736 603 798 Atticos
626 736 773 817 tangebat,
802 736 845 798 eis
867 736 1006 798 omnibns
1028 736 1177 799 hammam
1201 745 1310 799 eastam
1335 735 1453 798 videtur

172 835 334 916 reliquisse.
379 835 415 897 ad
448 845 633 917 postremum
667 835 698 898 in
731 835 843 917 Pythiis
872 834 1045 899 Atheniensi
1078 844 1107 899 et
1138 834 1287 899 Oenoensi
1320 836 1451 900 theoriae
1559 863 1560 866 ¹

174 933 408 998 dissolvebantur
416 932 463 1012 22).

551 1181 609 1243 DE
638 1180 866 1245 THEORIA
896 1180 1060 1244 nubre.

274 1348 389 1410 minora
410 1349 570 1411 admodum
591 1358 671 1425 sunt,
693 1367 768 1430 quae
786 1340 822 1410 (ie
837 1366 870 1410 aa
884 1367 993 1430 pompa
1008 1347 1130 1423 seimus,
1153 1366 1242 1428 quam
1259 1348 1454 1410 Athenienses

173 1448 235 1511 nali
258 1448 413 1510 ducebant
459 1467 526 1510 nam
555 1449 695 1530 primum,
730 1457 799 1510 utut
825 1465 907 1510 nuno
927 1456 982 1518 est.
1014 1447 1163 1510 beliorum
1186 1447 1260 1527 (sive
1283 1447 1455 1529 Apollonio·

173 1534 298 1631 rum¹¹)')
326 1556 461 1609 naturam
495 1567 600 1628 parum
633 1547 791 1610 dilucidam
824 1565 889 1609 esse
921 1545 1091 1608 fatebimur.
1137 1565 1205 1609 oum
1228 1547 1307 1608 enim
1332 1547 1453 1628 irugum

172 1647 320 1729 primitiae
343 1645 431 1708 Deliis
455 1646 568 1708 oblatae
590 1665 650 1708 non
674 1647 734 1709 sint
756 1680 798 1691 —
820 1664 888 1707 nam
913 1645 1002 1708 Saoro
1025 1664 1137 1719 mense,
1169 1646 1198 1707 id
1228 1655 1273 1707 est
1295 1646 1456 1708 Antheste·

173 1745 256 1807 rione
278 1745 377 1806 lonieo
400 1753 430 1806 et
449 1747 554 1816 Attico.
577 1745 723 1827 primitias
745 1744 894 1807 exstitisse
916 1763 1005 1806 nemo
1029 1744 1151 1823 dioet¹⁴)
1173 1744 1276 1817 -id,
1299 1745 1379 1825 quod
1403 1764 1455 1826 per

174 1864 205 1906 se
239 1863 401 1924 numquam
436 1845 526 1906 nimis
559 1845 709 1925 probabile
737 1853 810 1915 erat,
843 1843 955 1905 seilicet
976 1844 1061 1905 lonas
1085 1844 1232 1905 nationem
1258 1845 1348 1905 maris
1370 1863 1454 1906 eom·

174 1943 334 2023 merciique
365 1943 577 2024 peritissimum
612 1944 642 2005 in
676 1962 750 2024 rupe
780 1942 906 2018 vasto²⁶t
934 1943 1045 2005 solibus
1078 1952 1147 2004 usto
1177 1943 1329 2022 ventisque
1352 1961 1455 2005 everso

172 2041 343 2121 religionem
367 2053 510 2121 agrestem
534 2042 660 2104 enituisse
682 2042 761 2104 credi
780 2061 840 2104 non
857 2043 913 2104 iam
930 2052 1039 2122 potest.
1070 2041 1163 2103 immo
1178 2041 1291 2103 cultum
1307 2041 1453 2104 rusticum

173 2140 235 2202 Deli
259 2141 422 2202 seeundum
447 2142 544 2203 looum
569 2142 734 2204 obtinuisse
756 2141 935 2203 censendum
959 2151 1019 2214 est3
1042 2140 1203 2203 etheoriae
1218 2153 1317 2203 autem
1339 2141 1455 2214 formis,

172 2252 318 2320 quantum
341 2240 461 2320 quidem
485 2251 571 2302 notae
594 2250 675 2315 sunt,
698 2241 772 2302 nihil
793 2241 877 2320 sequi
899 2240 1020 2302 videbis.

272 2340 307 2400 ‹le
331 2358 388 2419 qua
410 2342 481 2401 item
504 2349 593 2419 atque
615 2340 651 2400 de
674 2339 810 2420 Delphina
834 2339 1002 2401 testimonia
1025 2338 1162 2419 bipartita
1184 2348 1263 2412 sunt,
1290 2356 1358 2400 oum
1383 2339 1455 2400 haee

171 2437 379 2519 Tetrapolitas‚
414 2439 608 2500 Athenienses
642 2440 690 2501 illa
724 2438 917 2520 spectent²⁸).
962 2437 1005 2500 sie
1037 2445 1135 2500 autem
1170 2438 1305 2500 instituta
1339 2437 1456 2500 videtur

171 2557 251 2610 esse,
285 2547 319 2600 ut
351 2538 446 2600 theori
460 2537 681 2620 'Tetrapolitani
715 2555 819 2600 navem
855 2555 983 2608 saonam,
1017 2555 1092 2617 quae
1122 2537 1166 2598 vel
1199 2536 1315 2599 saeculo
1348 2546 1456 2617 quarto

170 2636 340 2698 Marathone
363 2635 622 2713 asservabatur¹⁷)‚
657 2636 782 2715 ingressi
804 2635 920 2698 Prasias
942 2635 1130 2710 veherentur,
1165 2635 1215 2697 ubi
1247 2635 1341 2697 theoni
1363 2635 1456 2697 Athe-

172 2735 291 2795 nienses
313 2735 545 2812 accedebant¹⁸t
590 2734 704 2806 deinde,
729 2734 818 2796 simul
840 2753 874 2796 ao
896 2734 978 2796 navis
1000 2733 1103 2796 Delum
1126 2734 1248 2816 adpulsa
1270 2744 1325 2806 est,
1347 2753 1456 2816 pompa

172 2832 207 2893 ad
230 2833 371 2912 Apollinis
401 2852 481 2894 aram
505 2833 729 2913 ducebatur²⁹);
762 2851 836 2913 quae
864 2852 880 2895 a
905 2832 1006 2894 multis
1028 2833 1080 2905 eis,
1114 2853 1189 2914 quae
1212 2833 1328 2895 saeeulo
1350 2832 1456 2913 quinto

171 2941 223 2992 aut
245 2931 395 2993 institutae
418 2941 469 2994 aut
491 2935 666 2994 reformatae
690 2941 769 3005 sunt,
794 2931 850 2993 nisi
872 2950 917 3004 eo,
939 2932 1019 3011 quod
1041 2932 1134 3003 ebori,
1158 2932 1229 2994 dum
1252 2951 1361 3014 pompa
1384 2951 1456 3013 pro·

172 3030 258 3102 cedit,
293 3031 422 3092 earmina
457 3031 660 3104 decantabant,
694 3049 754 3092 non
784 3029 944 3105 differt⁸⁰t3
978 3049 1046 3092 nam
1070 3032 1114 3093 vel
1138 3030 1374 3112 splendidissima
1396 3031 1455 3104 illa,

171 3147 260 3207 qnam
273 3127 368 3190 Nieias
384 3130 479 3209 prima
496 3129 676 3210 penteteride
688 3128 767 3191 Delia
782 3148 835 3210 per
847 3138 968 3210 pontem
981 3129 1101 3191 Rhanea
1112 3129 1216 3190 Delum
1233 3128 1326 3203 duxit,
1339 3139 1456 3211 praeter

174 3227 262 3288 boves
286 3226 452 3305 multos⁸¹)‚
482 3247 556 3308 quos
578 3227 737 3309 oanephori
759 3227 1029 3310 praecesserunt³¹)
1056 3238 1087 3290 et
1120 3227 1320 3308 magistratus,
1350 3227 1456 3290 deinde

273 3437 306 3502 ²¹)
324 3455 348 3489 v.
368 3437 428 3489 licii
447 3435 511 3488 xxi
529 3437 581 3487 tab.
595 3435 663 3489 xvi.

273 3520 306 3578 22)
325 3535 381 3570 nam
400 3535 431 3570 aa
450 3521 504 3571 illis
522 3518 701 3585 proficiscendi
721 3518 821 3583 sigeum
839 3526 1021 3583 cognoverant,
1040 3516 1154 3570 Philoeb.
1173 3525 1199 3570 at
1217 3517 1302 3569 Strab.
1321 3517 1339 3570 l.
1352 3533 1375 3569 e.

275 3601 308 3663 22)
327 3600 358 3651 ei.
379 3608 431 3651 not.
445 3602 468 3651 4.

274 3682 307 3745 22)
326 3683 452 3749 primitias
483 3698 532 3733 uon
564 3698 607 3749 per
637 3698 728 3734 novem
759 3680 813 3734 iere
843 3696 943 3734 nenses
974 3681 1006 3734 ab
1037 3680 1215 3749 llyperboraia
1250 3696 1297 3748 per
1327 3678 1456 3732 batanea

174 3764 351 3830 Euboeamque
370 3765 458 3815 Delum
476 3765 566 3815 duetus
584 3780 641 3816 essa
660 3766 836 3817 demonstrare
854 3780 904 3815 non
922 3764 1012 3816 (labeo.

275 3845 308 3909 22)
327 3848 417 3897 Aeseb.
436 3846 507 3897 num.
527 3848 552 3909 9,
572 3846 630 3897 liar.
652 3845 745 3898 Troad.
765 3847 806 3898 89.

275 3928 307 3991 22)
326 3928 441 3980 Philoob.
460 3930 476 3978 l.
490 3945 522 3994 o.‚
540 3928 644 3979 Solonis
661 3919 767 3995 κύρβεις
784 3930 848 3996 apud
867 3929 959 3981 Athea.
972 3927 1007 3983 Vl
1024 3944 1048 3996 p.
1060 3925 1189 3994 asta-f,
1211 3927 1288 3994 llerp.
1307 3925 1366 3978 llas.
1384 3926 1457 3980 satu.

173 4012 335 4074 Δηλιασιιιί,
355 4012 413 4060 Bell
433 4008 465 4061 lll
483 4027 507 4077 p.
523 4009 581 4061 379.

275 4091 305 4150 22)
327 4092 456 4143 Demostb.
478 4091 509 4143 lV
524 4091 564 4142 34.
1137 4114 1140 4116 ·

275 4172 308 4235 22)
328 4174 401 4225 Paos.
420 4173 484 4239 131,
498 4174 522 4237 2,
549 4171 582 4224 oi.
603 4171 707 4238 Lolliag
726 4173 785 4226 Atb.
804 4173 909 4227 blitteil.
928 4173 962 4228 lV
980 4190 1003 4242 p.
1017 4173 1142 4242 Ablaqqq
1164 4171 1283 4241 Toopffer
1301 4171 1385 4224 llam.
1403 4171 1421 4223 l.
1434 4187 1457 4223 e.

275 4254 308 4317 22)
327 4254 395 4305 Plut.
414 4254 469 4306 Nic.
490 4254 529 4306 lll.

275 4337 309 4398 ⁸⁰)
328 4335 395 4387 Plut.
415 4337 431 4387 l.
445 4352 466 4387 e.

275 4419 308 4479 22)
327 4416 379 4469 cla
397 4416 481 4472 nsit
499 4436 525 4471 v.
536 4418 577 4470 36.

274 4500 308 4564 22)
327 4500 385 4551 ncta
404 4500 435 4552 lll
455 4518 477 4569 p.
491 4503 550 4555 stu.
