3126 5056
674 266 891 331 ..34-

137 446 354 529 diphrophoros
387 443 700 523 commemoravit²⁰⁸).
746 454 878 506 ceterum
914 443 958 504 vel
979 461 1012 503 ea
1045 443 1080 503 de
1110 460 1206 513 eausa,
1240 442 1319 522 quod
1342 443 1421 524 apud

139 544 410 626 Harpocrationem,
434 543 494 624 qui,
518 563 585 605 curn
610 553 809 604 metoecorum
835 561 958 604 munera
979 541 1050 603 satis
1065 551 1199 602 accurate
1215 541 1423 621 perquisiverit

138 642 190 720 (cl.
205 643 394 724 μετοίκιον),
411 642 592 704 Demetrium
609 653 689 704 certo
704 642 860 721 diligenter
875 641 1039 721 exscripsit,
1057 640 1248 722 diphrophori
1264 660 1323 702 uon
1339 651 1422 714 sunt,

139 741 204 802 illas
228 751 375 802 metoecos
397 760 457 802 non
481 741 572 802 luisse
595 742 830 803 concludendum
855 751 944 803 esset.

241 853 389 925 praeterea
412 845 605 926 diphrophori
628 855 657 907 et
680 866 713 907 cx
737 846 836 924 argilla
859 846 943 906 lictae
965 852 995 905 et
1014 844 1108 924 pictae
1130 843 1160 903 in
1177 841 1302 903 vasculis
1317 858 1424 901 oecur-

140 952 220 1016 runt‚
242 944 278 1004 cl.
295 943 423 1022 sigillum
440 944 573 1023 figlinum
600 944 726 1005 Journal
740 947 773 1005 ol
785 945 852 1005 heb.
868 945 947 1005 stud.
962 943 1001 1004 lll
1018 963 1047 1023 p.
1062 945 1130 1007 144.
1147 941 1225 1020 quod
1241 940 1270 1000 in
1288 938 1424 1019 sepulcro

141 1043 269 1121 quodam
293 1042 322 1102 in
346 1042 498 1104 Ceramico
521 1055 671 1124 repertum
702 1054 748 1104 est
775 1040 903 1116 (mortua
938 1042 1157 1123 diphrophorus
1180 1041 1296 1101 videtur
1318 1037 1425 1114 luisse)

141 1149 171 1201 et
194 1140 305 1220 pelicen
329 1161 404 1220 quae
426 1141 555 1202 Berollni
579 1153 746 1203 asservatur
760 1142 861 1202 Jahrb.
879 1143 913 1215 X,
937 1141 1078 1219 Anzeiger
1092 1160 1121 1220 p.
1139 1139 1189 1200 36.
1223 1139 1253 1198 in
1275 1136 1425 1198 Panathe-

140 1238 223 1300 naiea
245 1249 344 1301 autem
365 1245 475 1321 pompa
499 1241 716 1321 rliphrophoros
733 1240 912 1321 processisse
934 1260 950 1300 e
973 1240 1102 1320 zophoro
1126 1236 1326 1311 videmus²⁰⁰l
1371 1234 1424 1294 sed

141 1357 212 1400 num
237 1358 269 1400 ea
292 1339 328 1400 de
350 1358 447 1412 eausa,
470 1340 548 1418 quod
574 1359 630 1401 una
653 1359 720 1401 cum
745 1340 831 1420 peplo
853 1339 883 1399 in
907 1339 1015 1419 templo
1034 1347 1184 1418 apparent,
1207 1336 1425 1416 diphrophoros

141 1446 210 1498 aute
232 1437 413 1518 canephoros
436 1439 614 1518 processisse
636 1439 871 1500 concludendum
895 1434 965 1498 est?
1000 1437 1132 1507 minime,
1154 1455 1223 1497 nam
1246 1454 1282 1496 ue
1304 1434 1424 1516 peplum

142 1536 260 1614 quidem
296 1536 325 1596 in
360 1537 456 1616 primo
488 1539 603 1615 agmine
638 1537 759 1598 ductum
789 1556 853 1597 esse
876 1536 1081 1596 demonstrare
1104 1545 1227 1596 conatus
1250 1553 1328 1595 suin.
1372 1532 1424 1592 sed

142 1634 213 1695 item
237 1645 325 1713 atque
347 1635 451 1715 peplus
474 1636 561 1696 sellae
583 1635 613 1695 in
638 1636 747 1715 templo
763 1635 902 1696 interiore
923 1635 959 1695 ad
975 1634 1151 1695 cerimonias
1167 1652 1263 1694 sacras
1279 1631 1426 1693 iaciendas

142 1732 367 1807 adhibebantur,
391 1735 460 1794 item
484 1734 645 1814 sculpendo
667 1734 744 1796 inter
766 1735 948 1813 canephoros
971 1734 1072 1794 eadem
1096 1734 1133 1794 tle
1154 1751 1251 1802 causa,
1280 1749 1338 1810 qua
1361 1731 1426 1791 illae

145 1830 280 1892 canistris
303 1843 413 1904 carent,
441 1851 545 1912 parum
569 1842 654 1912 aptae
676 1842 775 1893 erant:
812 1850 891 1892 nunc
913 1841 1011 1892 autern
1035 1831 1165 1912 peplum,
1188 1831 1238 1909 qui
1261 1829 1292 1890 in
1316 1827 1427 1908 templo

146 1929 282 2002 traditur,
312 1948 380 1990 cunr
404 1931 514 2009 reliqua
537 1949 644 2010 pompa
667 1930 768 2010 pulcre
791 1926 1049 2009 coniungunt2¹⁰);
1083 1939 1170 2010 atque
1193 1929 1278 1990 sellas
1301 1945 1426 2008 pompea

145 2026 235 2088 luisse
251 2046 267 2087 e
283 2028 367 2088 titulo
383 2028 410 2088 ll
426 2029 526 2089 74113
550 2029 692 2090 ridemus.
727 2029 919 2111 diphrophori
947 2029 1037 2108 igitur
1059 2048 1117 2090 non
1143 2029 1240 2090 minus
1268 2025 1427 2106 canephori

144 2133 237 2199 eraut,
249 2143 338 2204 quam
353 2144 404 2186 eae
416 2126 537 2205 puellae,
551 2146 625 2205 quae
639 2126 822 2207 thymiateria
836 2128 1002 2207 portabant.
1020 2128 1067 2189 hic
1079 2136 1177 2189 autern
1191 2126 1425 2206 canephororum

145 2224 217 2285 ordo
240 2234 318 2285 erat:
357 2225 514 2305 canephori
536 2244 603 2286 cum
628 2225 763 2287 canistris
786 2227 886 2299 sacris,
913 2227 1071 2306 canephori
1094 2244 1162 2288 cum
1186 2226 1330 2306 pompeis,
1353 2241 1428 2302 quae

148 2324 304 2384 maximam
328 2331 440 2403 partem
464 2323 600 2386 canistris
622 2324 763 2405 incapite
783 2325 986 2405 portabantur,
1010 2323 1213 2406 diphrophori.
1243 2321 1382 2403 equibus
1398 2329 1428 2381 et

147 2421 202 2483 hae
218 2430 249 2484 et
264 2421 329 2483 illae
345 2422 504 2503 canephori
515 2442 594 2485 aram
608 2423 736 2496 adibant,
753 2423 946 2505 diphroplrori
962 2424 1047 2486 sellas
1060 2425 1090 2484 in
1105 2423 1247 2504 templum
1259 2419 1425 2502 portabant.

296 2617 591 2679 ΧΑΡΙΣΤΗΡΙΛ
626 2618 718 2677 ΤΗΣ
744 2613 810 2677 ΕΝ
838 2617 1095 2679 ΜΑΡΛΘΩΝΙ
1123 2617 1276 2677 ΝΙΚΗΣ.

644 2730 940 2790 ΒΟΗΔΡΟΜΙΑ.

249 2837 444 2900 Athenienses
474 2857 590 2919 pugnae
622 2839 821 2901 Marathoniae
851 2841 975 2920 gratiam
1005 2840 1045 2902 ita
1076 2839 1250 2911 referebant,
1282 2845 1316 2899 ut
1345 2845 1427 2898 serto

151 2934 374 2997 Bnedromionis
397 2937 444 2998 elie
459 2939 635 3017 quingentas
658 2957 760 3019 capras
783 2939 813 2999 in
836 2959 943 3020 pompa
965 2939 1001 3000 ad
1017 2939 1123 3001 bianae
1139 2942 1295 3018 Agrolerae
1311 2954 1427 2997 sacrum

149 3034 373 3114 deducerent¹).
411 3056 500 3116 quarn
516 3056 654 3118 pompam
671 3038 718 3099 cui
743 3038 947 3118 polemarohus
971 3038 1138 3119 praeerat²)
1161 3038 1197 3100 ab
1213 3036 1296 3098 initio
1320 3035 1427 3096 milites

251 3152 294 3215 ²⁰⁸)
313 3155 383 3205 Suid.
403 3147 582 3226 διφροφόροι,
601 3155 719 3208 lleineke
737 3157 762 3222 2,
775 3158 838 3221 7663
857 3157 876 3221 l,
888 3159 947 3209 429.
977 3158 1010 3209 el.
1030 3159 1087 3209 lles.
1106 3166 1133 3210 et
1151 3158 1191 3208 Et.
1205 3158 1238 3209 lt.
1251 3157 1354 3222 (Suidas
1366 3172 1387 3206 s.
1403 3171 1426 3203 v.

150 3233 252 3304 clippea
269 3237 348 3286 schol.
368 3238 412 3288 Ar.
431 3238 448 3286 l.
470 3255 491 3289 c.
511 3239 660 3305 exscripsit,
678 3255 698 3290 s.
718 3256 743 3290 v.
762 3237 1037 3310 rlampnrpopoupe‘rovr
1055 3240 1177 3291 Herodoti
1197 3255 1295 3302 nomeu,
1317 3237 1382 3303 quoti
1402 3236 1426 3286 in

152 3315 193 3367 ut.
213 3315 247 3368 Μ.
267 3317 292 3366 iu
312 3318 482 3369 llerorliauum
501 3327 649 3386 corruptum
669 3327 717 3385 est,
735 3321 871 3385 serravit).

253 3397 295 3460 ²⁰⁹)
314 3399 450 3453 Michaelis
468 3402 580 3466 tab.14;
600 3402 629 3451 at
650 3409 676 3453 et
694 3402 735 3453 32.

253 3478 297 3546 ²¹⁰)
315 3481 347 3532 el.
367 3483 466 3549 puellae
479 3483 520 3534 at.
540 3491 615 3550 eaput
633 3490 767 3535 retortum.

255 3562 273 3628 ¹)
292 3562 357 3613 Xen.
378 3565 456 3616 Anah.
472 3563 540 3628 1112,
556 3566 595 3628 12,
613 3565 645 3616 cl.
659 3565 750 3616 llerotl.
767 3564 799 3617 Vl
813 3566 861 3617 too
873 3583 920 3633 sq,
939 3567 1071 3633 Aristopb.
1085 3565 1170 3633 nquit.
1183 3566 1233 3616 660
1253 3581 1309 3615 eum
1322 3565 1429 3626 acholio,

154 3644 218 3696 Plut.
240 3646 272 3696 tle
296 3645 360 3710 glor.
382 3648 441 3697 Ath.
458 3646 511 3711 Vll,
537 3647 568 3697 de
591 3648 715 3713 malignit.
736 3647 826 3700 llerotl.
844 3648 930 3700 xxvi
956 3643 1019 3700 οὐδὲ
1040 3645 1089 3713 τὴν
1113 3642 1183 3717 πρὸς
1194 3645 1297 3718 Ἄγραν
1314 3641 1431 3715 πομπὴν

153 3717 299 3792 ἱστόρηκας
321 3720 356 3791 ἣν
378 3729 540 3795 πέμπουσιν
563 3728 602 3781 ἔτι
620 3728 670 3782 νῦν
688 3729 732 3792 reis
748 3726 821 3795 ἓκιηι
843 3729 878 3795 (v.
898 3731 1035 3782 Mommsen
1055 3748 1076 3797 p.
1095 3732 1150 3793 l'lb,
1163 3731 1188 3790 Al
1203 3720 1370 3798 χαριστήρια
1387 3728 1432 3794 τῆς

154 3811 227 3872 νίκης
249 3806 432 3876 ἑορταζοιαεςι
460 3810 485 3859 ἰιι
510 3827 596 3876 pompa
617 3813 699 3876 igitur
717 3812 899 3864 suerincnuese
918 3814 1075 3864 ducebantur
1093 3828 1193 3878 caprae.
1228 3811 1260 3862 cl.
1281 3813 1361 3863 Arist.
1378 3804 1430 3861 Ἀθ.

155 3891 219 3940 πολ.
240 3889 318 3940 Ll'lll
339 3894 360 3943 1.
380 3890 574 3942 Lacedaemonii
592 3894 687 3943 Dianae
706 3896 849 3959 Agroterae
866 3902 926 3945 unte
944 3910 1040 3962 pugnus
1063 3910 1153 3960 capras
1176 3901 1301 3961 tamquam
1324 3884 1432 3961 σφάγια

154 3970 286 4022 immolare
305 3972 423 4022 solebant
441 3971 518 4035 (Xon.
537 3975 598 4025 hell.
612 3973 644 4026 lV
658 3976 681 4038 2,
695 3975 736 4039 20,
755 3976 786 4027 cl.
806 3992 858 4026 rem
872 3977 938 4042 publ.
952 3976 1044 4027 Laced.
1059 3975 1126 4040 xlll,
1140 3976 1164 4039 8,
1182 3974 1249 4026 Plut
1267 3975 1327 4042 ch.
1341 3971 1431 4037 xxiii

154 4054 239 4118 qualia
266 4050 372 4120 σφάγια
396 4055 471 4103 etium
491 4057 555 4121 apud
576 4058 743 4108 Athenienses
761 4059 855 4108 usitata
879 4058 959 4109 luisse
983 4074 1014 4109 ex
1041 4059 1100 4108 Eur.
1120 4057 1222 4108 llernel.
1241 4058 1286 4108 821
1310 4057 1433 4118 videmus,

153 4133 186 4184 cl.
206 4135 235 4184 ile
256 4136 431 4185 Wilnmowitz
453 4135 535 4186 Herm.
555 4137 626 4190 Xl'll
644 4155 667 4205 p.
680 4139 738 4189 339.
757 4139 929 4191 Callimachus
948 4141 1036 4204 igitur,
1061 4157 1116 4190 eum
1135 4147 1195 4190 aute
1215 4155 1320 4205 pugnem
1339 4139 1433 4188 Dianae

155 4218 297 4280 Agroterue
317 4233 417 4283 capram
439 4219 592 4282 immolaret,
610 4222 765 4271 sacrificium
785 4238 899 4285 maguum
920 4223 1021 4272 vovisse
1041 4224 1182 4273 censendus
1201 4229 1248 4272 est
1284 4220 1354 4284 (ride
1373 4234 1434 4285 quo·

156 4299 228 4347 niodo
248 4299 428 4365 Aristophanis
453 4300 591 4351 scholiasta
612 4303 790 4367 Athenienses,
817 4304 860 4369 qui
886 4310 972 4354 tautae
998 4304 1123 4354 victoriae
1148 4306 1256 4368 gratiam
1275 4303 1370 4354 vilibus
1393 4315 1433 4351 rc·

156 4377 254 4430 lerrent
273 4381 358 4447 capris
377 4381 524 4445 immolatis,
542 4397 669 4434 excusare
687 4388 817 4448 conetur.)

256 4463 277 4524 ’l
296 4463 376 4513 Arist
393 4459 447 4514 ’An
466 4465 528 4515 nol.
547 4464 565 4514 l.
581 4480 603 4515 e.
