3126 5056
671 274 892 340 -70..

241 464 305 516 tum
333 473 371 516 ne
396 453 426 514 id
453 453 583 534 quidem,
612 453 692 534 quod
713 451 828 515 Usener
849 461 953 534 putare
975 451 1146 535 videtur¹⁸),
1181 453 1296 518 scilicet
1318 455 1421 519 bacchi

141 552 331 615 simulacrum
357 552 386 613 in
409 571 500 614 curru
523 552 617 614 navali
639 551 771 633 positum
794 571 848 633 per
862 552 966 614 urbem
982 552 1017 612 ad
1035 551 1186 612 lincolium
1210 571 1277 614 esse
1300 555 1420 617 ductum

140 651 261 713 concedi
282 661 394 733 potest;
418 671 486 712 nam
511 651 735 713 matrimonium
757 670 875 713 sacrum
898 651 945 712 vel
965 660 1122 730 antequam
1146 651 1219 732 pupi
1242 652 1334 732 lignei
1355 653 1423 715 iacti

140 759 221 822 sunt
244 751 391 812 exstitisse
413 752 579 831 putandum
603 760 657 812 est.
703 769 763 812 non
787 769 866 831 pupo
888 750 978 823 enim,
1007 750 1058 810 sed
1089 768 1195 828 magno
1218 750 1273 813 deo
1296 751 1354 833 ipsi
1376 771 1422 814 re-

46 897 50 908 .
140 847 208 927 gina
240 867 294 928 pro
330 859 389 911 tota
422 849 539 911 civitate
571 848 702 911 nubebat
735 849 785 922 ita,
820 858 854 910 ut
888 849 1029 910 monacha
1050 847 1177 910 Domino
1207 849 1424 930 despondetur;

140 936 236 1026 neque
258 965 325 1008 oum
349 966 429 1029 pupo
451 949 549 1028 ligneo
571 948 661 1027 igitur
683 966 779 1027 neque
802 966 871 1009 cum
894 947 1005 1009 fascino
1027 946 1126 1026 regina
1142 947 1303 1028 cubuit¹⁸).
1335 968 1422 1029 quam

140 1045 232 1107 solam
256 1065 272 1107 a
295 1045 422 1125 geraeris
445 1066 532 1128 parva
555 1066 662 1128 pompa
685 1046 820 1108 instituta
846 1048 882 1108 ad
899 1046 1052 1108 Bucolium
1069 1046 1226 1109 deductam
1242 1067 1307 1110 esse
1329 1067 1425 1128 neque

140 1144 279 1205 affirmari
303 1164 399 1225 neque
422 1146 521 1225 negari
544 1154 661 1226 potest;
685 1147 736 1207 sed
760 1145 901 1207 traditum
924 1164 985 1206 non
1007 1154 1061 1207 est.

241 1243 327 1305 aliam
351 1254 449 1306 autem
466 1263 616 1325 pompam,
640 1263 696 1324 qna
712 1244 818 1305 bacchi
834 1244 1025 1306 simulacrum
1041 1243 1072 1304 in
1088 1262 1171 1306 carro
1187 1245 1281 1307 navsli
1297 1245 1421 1308 ductum

140 1339 187 1413 sit,
210 1339 404 1400 Anthesteriis
420 1339 543 1399 hthenis
565 1338 732 1400 institutam
755 1357 815 1399 non
838 1357 903 1399 esse
926 1339 994 1400 inde
1012 1338 1155 1418 sequitur,
1179 1340 1258 1419 quod
1275 1340 1333 1402 nisi
1349 1341 1423 1402 duo·

140 1437 254 1499 decimo
271 1436 508 1498 Anthesterionis
531 1437 577 1498 die
600 1437 744 1518 templum
768 1435 804 1498 dv
827 1434 960 1518 λίμναις
983 1455 1042 1498 ιιοιι
1066 1437 1317 1519 aperiebatur¹¹);
1340 1440 1423 1502 cuius

140 1535 198 1598 diei
219 1554 287 1597 cnm
311 1534 480 1596 cerimoniis
504 1535 569 1596 talis
592 1555 702 1615 pompa
725 1555 757 1596 ea
781 1536 817 1597 de
840 1555 928 1596 causa
950 1554 1009 1597 non
1033 1535 1180 1610 convenit,
1211 1536 1290 1616 quod
1320 1538 1423 1600 matri·

140 1634 273 1697 monium
297 1651 414 1695 sacrum
441 1632 505 1694 sino
528 1652 608 1714 pnpo
625 1633 740 1695 'hebatz
775 1634 881 1713 quodsi
905 1634 961 1695 hoc
983 1635 1030 1695 die
1051 1653 1150 1715 pupns
1174 1645 1325 1715 tamquam
1350 1636 1423 1698 dens

140 1734 247 1796 ductus
270 1740 347 1793 esset
369 1765 411 1775 -
433 1731 521 1793 etiam
555 1731 580 1793 si
611 1751 750 1813 pompam
774 1751 860 1794 mane
882 1751 905 1816 a¹
920 1733 1008 1794 litore
1030 1733 1123 1806 lvelut
1144 1732 1181 1794 ab
1204 1732 1422 1815 Oscbophoriol

139 1833 170 1894 in
192 1831 296 1893 urbem
320 1830 488 1891 institutam
512 1850 575 1892 esse
598 1850 718 1893 censeas
740 1867 791 1904 -,
826 1831 878 1911 qni
910 1831 1058 1912 potuisset
1086 1832 1159 1905 lieri,
1193 1841 1226 1894 ut
1248 1833 1353 1895 eodem
1378 1834 1423 1896 die

138 1930 240 2009 regina
262 1947 322 1990 non
345 1948 434 2009 pupo,
462 1929 513 1990 sed
536 1930 654 1991 numini
675 1931 731 2010 ipsi
754 1949 807 2011 pro
830 1941 891 1992 tota
915 1930 988 1991 urbe
1013 1927 1161 1992 nuberet?
1205 1931 1318 1994 accedit
1344 1932 1423 2012 qumd

141 2029 206 2089 talis
229 2046 354 2108 pompae
384 2028 414 2088 in
437 2028 568 2088 oratione
591 2038 693 2090 contra
716 2028 857 2090 Neaeram
879 2029 1002 2091 fortuito
1026 2029 1207 2091 mentionem
1230 2030 1340 2092 laetam
1363 2049 1422 2093 non

140 2145 205 2188 esse
227 2144 316 2187 nemo
338 2125 394 2186 sibi
416 2126 612 2205 persuadebit.
658 2127 781 2189 Athenis
812 2128 885 2208 ipsis
908 2127 999 2207 igitur
1021 2127 1127 2190 Bacchi
1149 2145 1266 2190 carrum
1290 2129 1423 2192 navalem

144 2226 267 2288 ductum
291 2243 356 2285 esse
378 2241 463 2303 nego.

240 2322 319 2403 qnod
353 2331 453 2404 autem
487 2322 558 2384 baec
591 2343 699 2404 pompa
722 2325 918 2387 hntbesteriis
941 2325 1173 2387 Atheniensibus
1206 2324 1329 2388 attribui
1363 2344 1423 2388 non

141 2431 246 2504 potest,
280 2421 378 2501 magni
412 2421 556 2483 momenti
589 2432 643 2497 est,
678 2442 745 2484 cum
773 2424 843 2487 inde
865 2424 1053 2506 potissimum
1078 2443 1300 2504 cognoscamus,
1334 2443 1423 2506 quam

141 2522 228 2600 longe
249 2521 442 2582 Athenienses
475 2521 615 2601 paulatim
640 2521 676 2583 ab
698 2522 803 2584 lonnm
827 2523 967 2602 religione
988 2523 1072 2597 laeta,
1103 2541 1200 2603 neque
1232 2530 1331 2584 tamen
1359 2523 1424 2586 sni·

142 2639 259 2682 marum
293 2619 385 2680 cultui
415 2620 503 2680 nimis
531 2619 628 2682 dedita
651 2620 833 2683 deflexerint.
877 2641 946 2683 nam
971 2633 1126 2703 postquam
1151 2621 1284 2684 bacchus
1306 2621 1424 2686 lonicus

142 2739 195 2800 per
215 2718 326 2780 insulas
349 2718 477 2780 Athenas
501 2717 588 2791 venit,
622 2718 707 2780 initio
737 2721 825 2782 etiam
859 2720 918 2783 illic
950 2721 1140 2782 simulacrum
1169 2721 1199 2781 in
1223 2738 1308 2782 carro
1330 2721 1424 2783 navali

142 2816 264 2878 ductum
287 2836 351 2878 esse
375 2817 435 2877 veri
457 2816 641 2878 simillimum
664 2827 718 2879 est.
753 2819 804 2880 sed
828 2819 1013 2881 Anthesteria
1036 2819 1235 2894 Atheniensis,
1258 2838 1317 2899 qua
1338 2829 1424 2882 eraut

141 2915 246 2987 indole,
280 2915 307 2974 ei
342 2914 427 2976 thiasi
449 2915 582 2976 bacchici
615 2916 758 2997 strepitus
786 2937 890 2999 parum
914 2918 1115 2991 conveniebat,
1148 2919 1236 2980 etiam
1260 2918 1286 2980 si
1308 2919 1423 2982 animas

142 3030 260 3092 quoque
282 3011 370 3073 deum
394 3024 511 3075 secutas
534 3033 599 3076 esse
622 3034 803 3099 censeamus.
839 3037 899 3097 qno
922 3020 1032 3079 factum
1055 3027 1110 3091 est,
1134 3027 1168 3079 ut
1191 3017 1322 3079 bacchus
1344 3026 1422 3080 tam·

141 3130 230 3190 quam
263 3120 387 3172 naturae
418 3112 561 3173 redivivae
594 3132 706 3175 numen
741 3133 880 3194 magnum
904 3116 1132 3195 animarumque
1154 3134 1205 3176 rex
1226 3116 1423 3178 hnthesteriis

141 3210 229 3271 etiam
252 3209 375 3270 Athenis
398 3211 553 3283 coleretur,
575 3213 627 3273 sed
650 3212 764 3274 thiasus
788 3214 991 3276 tumultuosus
1013 3214 1131 3296 pompis
1153 3213 1244 3276 sacris
1265 3213 1424 3277 imitationi

141 3327 200 3371 non
233 3318 320 3370 esset.
365 3310 416 3389 qui
449 3309 507 3371 nisi
540 3311 570 3372 in
602 3311 665 3373 vieo
699 3321 796 3374 vetere
829 3314 981 3376 montibus
1015 3313 1206 3386 circumdato,
1241 3312 1292 3375 ubi
1321 3313 1422 3377 lcerus

142 3407 288 3470 bacchum
312 3407 382 3469 olim
407 3420 565 3490 receperat,
588 3419 721 3471 servatus
743 3430 803 3472 non
827 3422 880 3474 est.

241 3506 345 3568 deinde
378 3526 415 3569 ne
448 3527 498 3570 eos
532 3508 662 3588 quidem,
696 3509 805 3588 quibus
837 3511 1015 3591 imperatum
1050 3520 1121 3583 erat,
1156 3520 1190 3573 ut
1216 3519 1284 3592 post
1306 3508 1421 3573 Choum

141 3604 305 3665 convivium
339 3605 490 3684 publicum
524 3607 641 3669 hirneas
675 3619 830 3670 coronatas
862 3613 942 3671 faece
975 3610 1005 3670 in
1034 3610 1143 3690 templo
1166 3610 1306 3671 Limnaeo
1333 3609 1423 3672 libata

141 3702 285 3763 sacerdoti
312 3703 517 3779 traderent¹⁸),
551 3725 689 3786 pompam
718 3707 884 3770 instituisse
912 3708 1077 3789 putandum
1100 3717 1154 3770 est.
1199 3726 1268 3769 nam
1290 3708 1422 3788 primum

141 3799 200 3861 nisi
231 3799 262 3861 in
293 3819 380 3862 sunm
404 3821 521 3864 sacrum
545 3804 650 3866 bacchi
672 3806 854 3868 sacerdotem
879 3806 1075 3888 Dicaeopolim
1098 3825 1158 3869 non
1181 3806 1371 3886 invitasse¹⁹)
1392 3816 1422 3869 et

244 4017 276 4082 ¹⁶)
293 4019 492 4084 Sintltuthssgsn
512 4023 606 4086 p.lll.
633 4025 755 4089 quomodo
783 4025 830 4076 ille
856 4025 920 4076 hanc
939 4040 1053 4091 pompam
1070 4025 1216 4077 institutam
1234 4040 1292 4076 esee
1310 4033 1425 4092 censest,

141 4101 261 4163 cognosci
281 4102 381 4166 nequit3
409 4101 454 4151 sed
473 4101 548 4152 aliem
567 4105 725 4155 occasionem
745 4123 793 4156 non
813 4108 897 4158 video.
933 4109 964 4159 de
984 4108 1031 4170 eis,
1058 4106 1193 4173 inquibus
1213 4105 1422 4160 llsenernititnr

141 4182 264 4244 vasculis,
282 4197 345 4249 quse
363 4181 455 4234 Bacchi
473 4199 573 4235 esrrurn
593 4187 708 4236 uevslom
727 4189 820 4254 pictum
840 4189 969 4253 exhibent,
988 4205 1011 4239 v.
1031 4204 1172 4240 excursum.

241 4262 274 4326 ¹⁸)
292 4264 457 4316 Venetisrunn
476 4266 552 4317 duces
571 4283 584 4319 e
603 4268 762 4320 bucentsure
781 4271 807 4320 in
826 4285 895 4322 mere
914 4287 963 4321 nou
983 4270 1177 4323 descendebant.

241 4343 276 4408 Π)
295 4346 320 4396 in
339 4345 433 4399 Neser.
453 4348 493 4398 76.

241 4424 276 4491 l⁸)
293 4426 466 4480 Phsnorlenvus
484 4429 548 4495 spud
567 4430 660 4481 Athen.
678 4429 705 4481 X
723 4447 745 4498 p.
759 4432 809 4482 tat
820 4434 891 4484 o-d.

267 4508 276 4554 l
292 4505 375 4561 Arist.
394 4509 456 4561 Aah
471 4511 547 4578 tosa,
564 4511 702 4565 Mommsen
721 4529 745 4580 p.
758 4514 817 4578 397,
832 4516 853 4567 l.
