3128 5100
737 263 955 325 ..36-

204 443 298 500 dorma
326 438 513 519 protulimus,
538 438 637 518 opinio
660 438 830 500 sustinenda
853 448 883 499 et
904 439 991 500 aliam
1018 457 1155 520 pompam
1184 439 1313 501 militum
1338 440 1483 520 impetum

203 539 385 618 complexam
414 537 540 616 septimo
572 537 793 598 Bnedromionis
824 538 870 598 die
900 538 1026 618 Apollini
1059 539 1233 600 Baedromio
1269 539 1390 600 ducum
1420 559 1484 600 esse

203 635 385 698 censendum
408 636 497 714 esst).
542 635 627 697 euius
650 655 704 697 nec
726 640 850 697 lormam
867 655 922 697 nec
936 638 1013 698 viam
1029 638 1165 698 novimus
1188 648 1276 718 atque
1298 638 1483 699 coniecturas

202 735 319 796 viliores
340 745 409 796 sunt
432 754 521 814 quam
544 753 620 814 quae
642 737 840 814 proferantur.
877 735 928 815 qui
944 747 1044 797 autem
1060 740 1171 798 laetum
1194 739 1241 806 sit,
1267 746 1300 798 ut
1322 738 1484 798 cerimonie

201 835 321 913 antiqua
344 853 413 895 cum
437 852 532 914 pugna
556 833 737 895 Marathonia
760 835 998 914 coniungantur,
1022 836 1105 897 facile
1128 836 1326 915 intellegimus
1338 837 1386 916 ¹⁰).

520 1062 801 1122 ΜΥΣΤΗΡΙΛ
834 1065 904 1122 TA
935 1064 1170 1125 ΜΕΓΛΛΑ.

303 1186 411 1247 multas
441 1195 528 1265 atque
558 1186 772 1248 diversissimas
800 1206 923 1269 pompas
954 1188 1162 1269 mysteriorum
1198 1188 1350 1250 sollemnia
1379 1209 1481 1270 magna

202 1284 417 1346 Boedromione
439 1285 581 1346 celebrata
605 1285 757 1366 praebent.

441 1470 468 1528 1.
507 1469 548 1529 de
579 1470 692 1530 sacris
721 1469 892 1531 Eleusine
922 1471 1082 1531 Athenas
1114 1471 1244 1533 ductis.

301 1612 335 1653 ac
356 1593 486 1673 primum
514 1594 633 1672 quidem
663 1595 904 1674 decimoquarto
927 1595 1148 1656 Boedromionis
1172 1596 1218 1656 die
1241 1615 1321 1658 sacra
1345 1596 1481 1658 Eleusine

201 1691 330 1752 Athenas
352 1692 382 1752 in
400 1691 582 1754 Eleusiniam
605 1693 661 1755 sub
684 1712 750 1755 aroc
773 1694 996 1772 ducebanturl).
1033 1713 1108 1773 quae
1124 1696 1240 1757 sacculo
1256 1697 1360 1776 quinto
1383 1715 1479 1758 sacer-

203 1806 416 1815 .——

202 1862 231 1897 ea
254 1854 322 1910 snut,
346 1862 409 1912 quae
429 1846 468 1897 llt.
489 1847 522 1898 Μ.
542 1839 725 1918 Βοηδρομιών
747 1864 779 1898 ex
799 1849 954 1899 onornastico
980 1849 1024 1899 illo
1044 1849 1151 1916 profert,
1175 1851 1239 1916 qnod
1264 1851 1314 1901 lex.
1333 1851 1440 1916 Segner.
1459 1851 1480 1902 V

201 1928 354 1993 exscripsit:
377 1923 435 1995 μὴν
452 1927 515 1998 παρ’
531 1922 688 1994 Ἀθηναίοις
705 1931 822 1999 εἴρηται·
841 1925 884 1980 ὅτι
903 1929 932 1982 ἐν
944 1927 1025 1981 abuma
1039 1931 1150 2000 ἐτιμᾶτο
1164 1922 1337 2002 Βοηδρόμιος
1345 1928 1481 1986 Ἀπόλλων

200 2005 251 2073 τὴν
277 2007 305 2060 δὲ
333 2003 422 2078 ἀρχὴν
448 2008 542 2074 ἔλαβεν
568 2006 610 2061 ὅτι
628 2012 752 2078 πολέμου
771 2002 920 2066 συστάντος
935 2008 1088 2077 Ἀθηναίοις
1109 2013 1154 2064 καὶ
1171 2010 1349 2072 Ἐλευσινίοις
1373 2030 1479 2084 συμμο-

196 2084 335 2157 χὴσαντος
347 2084 439 2148 Ἴωνος
461 2088 529 2142 κατὰ
555 2093 718 2158 συγγένειαν
740 2092 868 2157 ἐνίκησαν
886 2094 913 2144 oi
927 2090 1076 2157 Ἀθηναῖοι.
1113 2091 1169 2146 eiuro
1193 2087 1242 2146 οὖν
1264 2097 1310 2160 τῆς
1332 2097 1381 2148 τοῦ
1399 2112 1479 2166 στρα-

200 2166 334 2239 τεύματος
351 2172 418 2237 βοῆς
434 2173 480 2236 τῆς
497 2171 544 2225 tut
562 2173 608 2223 ania
626 2168 701 2224 ἄστει
720 2171 876 2244 δρομούσης
893 2172 910 2224 ὂ
927 2191 954 2226 τε
967 2167 1103 2227 Ἀπόλλων
1121 2173 1301 2248 Βοηδρόμιος
1318 2173 1420 2244 ἐκλήθη
1437 2181 1480 2229 ael

199 2249 319 2317 ἡθνσίοι
337 2255 384 2305 καὶ
399 2249 414 2304 ὁ
431 2250 500 2322 μήν·
526 2254 572 2305 καὶ
590 2248 621 2305 τὰ
639 2252 799 2326 Βοηδρόμια
822 2253 937 2307 ἐτελεῖτο
960 2254 1045 2324 ἑορτή.
1082 2251 1235 2326 Φερεκύδης
1257 2256 1282 2309 δ’
1300 2258 1330 2311 ἐν
1349 2262 1406 2318 τοῖς
1422 2255 1477 2312 Ati·

199 2327 324 2402 τόχθοσι,
348 2332 395 2385 διὰ
415 2336 460 2393 τοῖς
478 2336 570 2404 φωνῆς
589 2339 717 2401 σημεῖον·
741 2333 775 2402 ἣν
797 2332 827 2388 τὸ
845 2328 980 2408 πρότερον
997 2331 1126 2398 ἀξύνετον
1144 2334 1241 2404 οὖσαν,
1264 2327 1326 2409 εὗρε
1343 2343 1389 2393 atei
1407 2339 1479 2413 dripp-

200 2421 319 2487 donnes.
361 2418 426 2484 qnod
450 2417 605 2485 Pherecydis
629 2419 697 2471 libor
720 2421 863 2470 nominatur
887 2422 1046 2487 praeclarum
1069 2423 1183 2472 ostendit
1205 2421 1300 2474 iontem
1319 2439 1333 2474 e
1352 2440 1400 2490 qno
1425 2432 1478 2475 tota

202 2500 290 2564 glossa
309 2501 393 2551 duxit
430 2516 490 2565 ergo
510 2501 623 2568 Apollini
643 2503 791 2552 Bosdromio
816 2502 964 2553 boedrontia
988 2503 1116 2554 celebrata
1140 2519 1207 2567 esse,
1235 2508 1310 2555 etiarn
1336 2508 1360 2557 ai
1384 2507 1478 2557 nullum

201 2582 271 2633 alind
294 2583 468 2634 testimonium
493 2591 595 2649 praesto
620 2593 700 2646 esset,
723 2594 876 2651 putaremus.
912 2586 956 2636 sed
981 2586 1059 2636 multa
1084 2593 1159 2652 atque
1177 2587 1268 2649 gravia
1288 2597 1391 2654 praesto
1412 2595 1478 2640 eunt

202 2678 257 2714 narn
281 2680 336 2715 cnm
361 2682 479 2732 nusquam
504 2666 584 2716 Diana
604 2667 766 2717 Boedromius
791 2668 947 2728 inveniatur,
971 2668 1035 2735 apud
1060 2669 1153 2719 multos
1174 2668 1287 2720 Graecos
1304 2669 1399 2736 Apollo
1419 2671 1479 2720 Boe·

200 2746 320 2812 dromins‚
339 2762 414 2812 aquo
429 2763 526 2798 menses
540 2748 638 2798 uomina
653 2750 789 2808 duxeruut,
809 2752 935 2814 occurrit3
955 2751 1020 2800 unde
1034 2749 1204 2801 Callimachus
1217 2752 1324 2817 scripsit
1342 2746 1480 2803 Ὤττολιῑον

201 2827 301 2878 πολλοί
317 2841 348 2879 σε
365 2819 540 2899 Βοηδρόμιον
557 2831 679 2880 καλέουσι
698 2829 734 2894 (in
753 2830 836 2895 Apoll.
855 2832 906 2893 69).
944 2832 1036 2898 Apollo
1056 2831 1219 2883 hoedromius
1238 2832 1332 2883 Thebis
1352 2833 1424 2884 Paus.
1444 2832 1478 2884 111

198 2907 239 2970 21,
261 2911 283 2971 l,
310 2907 496 2978 Βοηδρομιών
522 2911 610 2961 multia
638 2911 712 2961 loeis.
755 2927 825 2976 quem
850 2914 921 2962 deum
945 2915 1021 2964 etiam
1042 2915 1122 2965 liores
1147 2925 1307 2981 receperunt,
1330 2915 1396 2965 narde
1422 2917 1480 2967 Del-

198 2990 304 3056 phorum
328 2992 423 3042 mensis
446 2987 578 3050 Βοαθόος
602 2992 661 3043 ech
681 2991 702 3044 V
725 3009 749 3059 p.
769 2994 937 3059 increpatio
963 2995 1089 3046 hoothous
1114 3012 1186 3062 quem
1210 2995 1340 3048 Steianins
1359 2998 1478 3064 (Apollon

198 3073 362 3124 Boedromios
385 3090 408 3139 p.
432 3074 474 3134 521
501 3073 600 3140 prolcrt
626 3090 758 3140 numquam
782 3077 897 3126 exstitit:
925 3092 980 3127 nam
1005 3078 1134 3143 Apollinis
1159 3094 1295 3141 cognomen
1315 3080 1379 3144 apud
1400 3081 1479 3130 Calli-

201 3155 313 3204 machnm
332 3155 369 3215 (in
390 3155 445 3206 Del.
460 3157 502 3220 l'l)
522 3172 569 3205 non
589 3157 667 3220 magis
686 3164 726 3207 est
744 3174 816 3224 quam
835 3159 929 3209 Dianae
947 3159 982 3222 (in
1004 3159 1075 3210 llian.
1095 3160 1157 3221 22)).
1196 3176 1256 3224 ergo
1276 3161 1354 3212 etiam
1373 3162 1479 3212 Athenis

115 3252 118 3257 ·
200 3236 346 3302 Apollinem
365 3238 547 3301 hoedrominna,
566 3239 606 3288 cni
628 3239 771 3289 bosdromia
797 3242 939 3306 antiquitus
958 3241 1087 3292 celebrata
1112 3243 1164 3292 sint
1192 3243 1298 3309 septimo
1318 3244 1411 3293 mensis
1430 3244 1480 3305 die,

198 3318 241 3383 qni
266 3318 396 3384 Apollinis
419 3327 476 3370 erat
499 3335 580 3382 sacer,
607 3321 701 3371 cultum
728 3337 784 3372 esse
810 3323 975 3373 censebimus.
1012 3324 1055 3389 qni
1074 3324 1135 3374 dens
1153 3325 1198 3375 uhi
1217 3326 1377 3376 habitaverit
1395 3327 1478 3376 nesci-

198 3415 263 3463 mus,
282 3400 325 3452 sed
339 3416 417 3468 prope
430 3403 558 3469 Apollinis
572 3403 674 3468 paterni
687 3419 786 3453 sacrum
801 3404 930 3469 Apollinis
944 3399 1103 3464 ἆλεξικιὶιιον
1120 3414 1205 3457 statua
1224 3414 1289 3471 erat,
1309 3405 1381 3458 Pane.
1396 3407 1406 3458 1
1419 3407 1444 3472 3,
1456 3409 1480 3458 t.

197 3479 240 3530 lon
259 3490 343 3533 antem
357 3484 486 3550 Apollinis
505 3484 574 3535 lilius
596 3485 795 3536 Atheniensibus
814 3487 935 3537 auxilinm
955 3495 1046 3539 contra
1064 3487 1213 3554 llnmolpnm
1232 3489 1325 3540 tulisse
1338 3490 1479 3541 dicebatur.

198 3579 285 3628 qnare,
310 3580 364 3614 cnm
389 3566 429 3615 die
452 3574 527 3616 sexto
553 3568 649 3618 llisnao
669 3568 828 3619 Charisteria
852 3569 1054 3631 celebrarentur,
1078 3571 1134 3622 heri
1160 3589 1207 3622 non
1228 3572 1320 3637 potuit,
1339 3573 1397 3638 quin
1419 3573 1480 3622 llae-

198 3644 295 3695 dromia
320 3662 374 3696 cnm
397 3662 479 3712 pugna
499 3647 660 3701 Marathonia
678 3652 907 3714 coniungerentur:
933 3655 998 3703 unde
1018 3653 1140 3704 Herodoti
1161 3656 1268 3720 impetus
1289 3655 1330 3713 lde
1351 3653 1479 3705 Wilamo·

197 3729 259 3778 witz
277 3727 294 3777 1.
307 3729 350 3788 ο).
387 3729 411 3777 in
431 3729 535 3780 Atthide
554 3739 638 3782 eutem
658 3733 806 3783 hoedromia
825 3734 849 3783 in
870 3734 994 3785 victoriae
1012 3749 1044 3783 ca
1058 3735 1226 3785 Amazonibus
1245 3736 1313 3786 latae
1332 3737 1478 3787 memoriam

199 3809 327 3860 celebrari
346 3811 512 3862 tradebantur
531 3811 609 3874 (Plut.
629 3812 706 3865 Thes.
720 3814 839 3879 XXVlll.

298 3893 319 3958 ⁰)
338 3892 456 3958 impeturn
481 3894 552 3944 illum
578 3911 681 3961 pompae
706 3895 798 3948 tornis
826 3913 974 3963 expressum
993 3913 1050 3949 esse
1070 3915 1083 3948 ο
1103 3899 1280 3950 Demosthenis
1301 3900 1388 3952 verbis
1407 3905 1479 3967 Βοη-

198 3971 302 4043 δρόμια
320 3975 440 4041 πέμπειν
460 3977 617 4028 verisimile
638 3986 688 4040 cst;
708 3980 751 4028 sed
771 3979 796 4029 id
815 3980 880 4045 quod
899 3979 923 4028 iu
939 3978 1110 4044 Etymologici
1125 3980 1209 4043 Magni
1229 3982 1313 4046 glossa
1334 3983 1416 4034 altera
1430 3990 1477 4046 est,

197 4058 350 4108 sacrificinm
368 4058 415 4108 hac
435 4059 458 4108 in
479 4074 567 4125 pompa
586 4060 697 4110 oblatum
716 4077 773 4111 esso
791 4062 855 4111 haud
876 4059 953 4112 laeile
971 4061 1100 4127 qnisquam
1119 4064 1214 4113 credet.

300 4138 331 4199 ¹⁰)
352 4155 377 4189 v.
395 4140 477 4190 until
496 4140 521 4189 in
542 4140 598 4191 fiae.

301 4220 318 4282 ¹)
339 4219 392 4271 ClA
411 4220 475 4272 1115
499 4221 593 4273 titulus
620 4223 699 4272 alteri
719 4239 740 4287 p.
761 4223 819 4273 Chr.
840 4239 863 4272 n.
887 4224 997 4288 saeculi;
1024 4225 1068 4274 aed
1100 4227 1255 4289 singularum
1283 4228 1479 4278 cerimoniarum

198 4302 253 4352 dies
271 4318 385 4370 umquam
404 4311 515 4355 mutatos
533 4320 589 4354 esse
609 4305 751 4356 verisimile
769 4308 871 4356 omniuo
890 4322 938 4355 non
958 4314 1004 4357 est.
1043 4322 1106 4372 quae
1124 4323 1195 4357 saera
1215 4309 1272 4375 quid
1292 4309 1389 4361 inerint
1407 4318 1478 4361 certo

198 4385 287 4435 couhci
313 4386 414 4452 neqnit3
437 4387 481 4437 sed
500 4387 638 4438 simulacra
658 4404 705 4436 non
726 4385 806 4439 inisse
825 4403 838 4438 e
857 4388 993 4439 titulorum
1012 4389 1100 4440 verbis
1119 4390 1289 4453 colligendum
1309 4400 1361 4442 est:
1389 4391 1409 4443 11
1427 4394 1478 4443 tto

199 4468 251 4518 ν.1
275 4467 320 4517 xnl
343 4469 541 4539 upotnappap
562 4464 641 4533 etih&
663 4463 705 4536 (ari
731 4466 803 4539 lepti)
825 4465 938 4539 ὁῘμοίως
961 4469 991 4522 δὲ
1009 4473 1055 4523 καὶ
1073 4467 1264 4541 ι]ὸν”1ιιιιχον.
1301 4477 1369 4526 alind
1396 4477 1478 4539 igitur
