3126 5056
677 227 892 289 ..37-

174 403 237 466 dotes
255 403 417 465 Eleusiniae
448 402 654 483 portabant²);
688 404 739 464 sed
776 403 877 475 tertio,
907 404 1032 466 fortasse
1066 405 1125 467 iam
1158 417 1264 487 quarto
1297 408 1426 483 ineunte,

173 520 240 564 curru
253 503 387 584 simplici,
410 521 499 582 quem
517 502 605 563 boves
622 502 787 574 trahebant,
812 502 1037 581 vehebantur-³).
1074 506 1179 584 ephebi
1202 517 1300 569 autem
1321 509 1427 571 armati

91 592 95 651 ἶ
172 608 241 681 atque
271 612 368 683 myrto
402 601 533 663 coronati
566 601 657 663 altero
680 621 705 663 a.
723 601 791 662 Chr.
808 620 837 662 u.
862 602 977 663 saeculo
999 603 1034 662 ad
1060 602 1138 664 Eeho
1160 605 1258 667 locum
1279 608 1427 686 quendam

169 697 246 763 iuria
275 702 393 775 sacra⁴)
422 700 514 762 situm
537 701 617 762 ducti
646 702 715 762 iude
745 721 826 764 sacra
856 701 886 763 in
917 702 1021 764 urbem
1051 703 1278 783 deducebantl).
1323 718 1425 770 contra

167 799 238 863 altero
258 822 285 883 p.
302 801 371 864 Chr.
388 820 418 862 n.
441 802 558 863 saeculo
582 803 625 863 vel
656 803 771 864 decimo
803 803 889 864 tertio
920 804 967 864 die
990 803 1126 865 Eleusine
1156 805 1240 865 missi
1270 825 1351 868 sacra
1374 827 1427 888 per

166 908 238 962 totam
260 900 337 962 riam
364 900 628 980 prosequebantur.
673 902 781 981 quibus
814 902 997 982 temporibus
1020 898 1037 963 ὁ
1060 899 1256 984 φαιδυνιής,
1290 905 1342 984 qui
1371 905 1424 966 bli-

163 1016 250 1062 nerrae
280 1000 426 1063 sacerdoti
455 1019 608 1062 sacrorum
634 1001 792 1063 adventum
823 1001 990 1075 nuntiabat,
1024 1021 1163 1082 pompam
1194 1002 1309 1063 videtur
1338 1022 1425 1083 prae-

159 1099 311 1173 essisset).
350 1118 417 1161 curn
440 1109 540 1161 autern
562 1101 666 1161 eodem
690 1101 805 1162 saeculo
822 1120 928 1182 pompa
951 1101 986 1162 ad
1011 1103 1131 1164 Sacram
1154 1101 1258 1163 Ficum
1282 1102 1338 1163 sub
1361 1103 1424 1183 ipsa

158 1198 217 1260 urbe
245 1199 303 1260 iter
325 1198 494 1273 sisteret'),
525 1199 573 1259 ille
602 1200 727 1262 fortasse
757 1202 786 1261 in
817 1201 922 1262 urbem
953 1205 1103 1281 profectus
1126 1200 1265 1262 nuntium
1288 1201 1424 1276 absolvit,

154 1296 248 1359 deinde
279 1297 372 1358 redux
409 1299 504 1359 lactus
526 1298 584 1360 ianr
617 1300 720 1360 urbem
749 1300 917 1361 intrandam
948 1320 1013 1362 esse
1051 1299 1252 1362 sacerdotibus
1274 1300 1422 1364 indicavit.

151 1395 195 1475 qui
216 1414 291 1468 mos,
315 1395 340 1457 si
364 1395 451 1456 modo
473 1396 594 1470 exstitit,
619 1407 719 1459 utrum
743 1398 926 1478 temporibus
948 1399 1164 1478 antiquioribus
1188 1400 1363 1461 tribuendus
1385 1399 1424 1462 sit

150 1512 244 1563 necne,
267 1495 416 1556 incertum
439 1506 494 1566 est,
525 1495 575 1556 sed
605 1515 745 1576 pompam
776 1496 825 1557 illo
856 1496 919 1557 loeo
942 1515 1060 1576 semper
1088 1496 1145 1558 iter
1174 1497 1368 1577 interrupisse
1390 1516 1423 1559 ea

147 1593 178 1655 de
192 1613 279 1656 causa
293 1605 375 1675 puto,
392 1596 470 1674 quod
483 1595 541 1656 illic
552 1594 692 1675 Plrytalus
707 1597 843 1658 Cererem
856 1597 985 1677 primurn
999 1607 1162 1678 receperat:
1180 1596 1311 1675 primum
1322 1605 1422 1658 autern

146 1693 255 1754 Cereris
269 1694 411 1773 templum
425 1694 603 1754 Atheniense
615 1693 727 1755 Cereris
741 1714 824 1756 sacra
837 1705 917 1756 certo
929 1695 1057 1756 adibant.
1074 1696 1117 1756 sic
1128 1695 1320 1774 Eumolpidae
1334 1695 1421 1757 Eleu-

144 1792 217 1865 sinii,
231 1792 341 1872 quibus
355 1802 413 1854 tota
426 1811 533 1873 pompa
547 1811 634 1854 curae
646 1793 749 1866 eratll,
766 1813 834 1855 cum
847 1794 1007 1873 Phytalidis
1022 1793 1249 1855 Atheniensibus
1262 1794 1421 1872 coniunge-

144 1980 182 2030 dsi
199 1980 365 2031 simulacrum
382 1980 501 2045 ligneum,
520 1982 569 2033 alis
589 1996 662 2031 sacra
682 1988 749 2031 sunt.
770 1988 904 2046 praeterea
923 1983 949 2032 in
968 1996 1058 2044 mogun
1077 1996 1174 2046 pompe,
1192 1995 1255 2046 qnae
1276 1979 1316 2032 19.
1330 1981 1419 2031 iloedr.

143 2062 180 2113 die
199 2061 399 2126 instituebatur,
426 2063 507 2113 solutu
526 2062 640 2114 iacchum
663 2063 798 2126 eruebant,
829 2081 852 2113 v.
872 2065 889 2114 i.
915 2064 1036 2128 denique,
1064 2063 1129 2128 quod
1154 2063 1214 2113 mibi
1239 2063 1338 2128 quidem
1363 2078 1423 2127 gra-

143 2142 274 2194 vissimum
294 2145 396 2194 videtur
415 2160 479 2207 esse,
497 2145 599 2196 saeculo
618 2145 707 2211 quinto
726 2146 874 2194 secerdotes
887 2144 1034 2195 Eleusinius
1054 2159 1126 2193 saera
1146 2143 1290 2210 portabant,
1309 2141 1421 2194 fortasse

141 2225 165 2274 in
192 2226 279 2291 eapite
306 2226 378 2287 (lior.
397 2235 445 2277 sat.
464 2225 485 2277 ll
503 2228 527 2290 8,
550 2228 579 2277 ts
606 2231 635 2278 ut
660 2229 746 2277 Attica
773 2230 845 2293 virgo
871 2242 928 2276 cum
954 2228 1038 2276 sceris
1069 2226 1167 2278 Cereris
1190 2224 1302 2293 procedit
1326 2227 1421 2290 furem

141 2304 271 2375 Hydaspes
290 2306 403 2358 Caecuba
430 2310 488 2358 edna
507 2310 618 2376 sareu),
646 2307 678 2358 cl.
697 2315 748 2358 not.
767 2309 790 2358 2.
830 2315 901 2358 certo
920 2309 1000 2371 igitur
1028 2308 1163 2357 simulacra
1193 2325 1240 2357 non
1269 2314 1351 2369 erunt,
1377 2307 1421 2358 sed

141 2389 255 2456 symbola
280 2390 397 2454 mystica,
424 2406 488 2456 quac
506 2391 711 2452 simulacrorum,
737 2391 796 2455 quin
821 2390 896 2441 etiam
922 2389 1048 2439 numinum
1072 2389 1185 2454 ipsorum
1209 2390 1246 2439 ita
1264 2387 1319 2439 lero
1338 2390 1422 2439 instar

142 2478 222 2534 mant,
246 2479 275 2521 ut
292 2470 415 2522 lasciuum
435 2473 538 2523 bacchi:
566 2472 602 2522 soi
624 2463 735 2522 καλάθω
753 2467 895 2526 κατιόντος
913 2469 1122 2537 ἔπιφθέγξασθε
1138 2473 1263 2538 γυναῖκες
1280 2467 1422 2540 ’Δάματερ

139 2552 210 2621 μέγα
233 2555 309 2621 χεῖρε
335 2543 488 2622 πολύιροφε
506 2552 723 2620 novlopddrpns‘.
759 2568 822 2618 quae
853 2553 922 2602 inter
945 2567 1019 2602 sacra
1048 2553 1125 2601 etiam
1152 2551 1274 2602 fascinum
1301 2551 1383 2603 luisse
1407 2568 1421 2603 s

140 2632 242 2697 fabulis,
261 2650 324 2701 quac
342 2642 403 2685 sunt
420 2636 451 2685 de
469 2633 551 2685 lamba
572 2642 598 2685 et
616 2636 646 2685 dc
666 2635 791 2697 Baubone,
809 2634 952 2685 verisimile
971 2641 1018 2684 cst.
1038 2661 1070 2670 —
1089 2633 1198 2699 denique
1218 2633 1298 2684 schol.
1312 2634 1419 2686 Theocr.

140 2714 218 2767 1V25
236 2717 268 2767 ad
286 2732 360 2767 secra
379 2717 553 2779 cognoscenda
573 2717 637 2767 nihil
656 2717 739 2782 valct3
759 2732 815 2767 narn
834 2717 856 2766 si
876 2717 976 2766 omnino
994 2716 1025 2766 ad
1045 2716 1168 2782 mysteria
1187 2712 1350 2767 referendum
1370 2723 1421 2781 est,

140 2798 205 2849 nihil
223 2799 274 2850 nisi
293 2798 457 2849 scholiastam
475 2800 535 2849 item
554 2806 630 2864 utque
649 2815 705 2861 nos,
723 2799 781 2864 quid
801 2813 875 2849 ssera
894 2796 999 2859 luerint,
1019 2797 1162 2848 nescivisse
1179 2804 1316 2848 monstrat.

238 2880 261 2946 ²)
283 2882 325 2932 tic
350 2882 409 2931 hth.
435 2880 541 2932 Mitteil.
561 2879 624 2931 xtx
648 2897 673 2946 p.
699 2881 746 2932 163
763 2904 797 2922 =
816 2880 898 2930 Herm.
918 2878 1027 2930 xxvttt
1054 2896 1076 2946 p.
1095 2879 1145 2930 623
1173 2874 1222 2932 τὸν
1245 2873 1348 2932 ‘Pession
1374 2872 1423 2932 τὸν

138 2958 214 3030 παρὰ
243 2961 291 3013 τοῦ
313 2959 418 3020 ἄστεως
442 2961 653 3032 γεφυρῶσαι-
673 2958 709 3018 ὥς
728 2957 763 3012 ἂν
785 2958 816 3012 ris
839 2955 897 3032 lepti
925 2962 1047 3029 φέρωσιν
1064 2960 1093 3011 al
1112 2961 1209 3030 ἱέρειαι
1227 2957 1421 3030 ἀσφαλέστατα

140 3044 266 3106 (1.121.)
285 3045 351 3110 qnod
369 3060 516 3111 quemqnam
535 3045 660 3110 imprimis
678 3045 709 3094 ad
726 3045 763 3095 19.
779 3044 946 3094 bordndiem
960 3042 1121 3094 referendum
1135 3044 1319 3106 videturesse,
1337 3051 1421 3095 tamen

138 3127 199 3177 item
217 3127 249 3178 ad
271 3129 309 3178 ll.
328 3127 454 3193 pertinet:
473 3142 528 3176 nam
548 3126 649 3177 eaedem
668 3126 814 3176 sacerdotes
832 3140 906 3175 sacra
926 3131 952 3174 et
962 3125 1075 3175 Athenas
1094 3131 1120 3175 et
1134 3124 1257 3176 Eleusina
1276 3125 1421 3192 portabant.

239 3208 260 3270 ⁸)
278 3206 333 3259 ClA
350 3207 384 3260 IV
397 3210 420 3269 2,
434 3208 505 3259 385d
524 3226 549 3259 v.
572 3209 600 3259 lt
624 3207 805 3275 mysteriorum
830 3207 979 3272 epimclntse
1003 3207 1127 3271 praebent
1148 3203 1179 3258 sd
1204 3206 1295 3275 ζεῦγος
1316 3209 1354 3265 cls
1373 3201 1422 3272 triv

138 3287 257 3357 κομιδὴν
281 3291 336 3344 τῶν
358 3291 446 3357 ἱερῶν.
482 3293 530 3341 hnc
553 3291 686 3342 referenda
712 3297 779 3351 sunt,
802 3305 865 3355 quse
884 3288 982 3341 Probus
1002 3291 1065 3341 dicit
1084 3292 1115 3340 ad
1134 3291 1209 3354 Verg.
1230 3291 1322 3354 Georg.
1342 3289 1352 3340 1
1372 3291 1420 3342 163

139 3372 430 3442 tardaque-pluuntur.-
449 3377 509 3424 sunt
527 3376 595 3423 enain
612 3372 724 3423 uehiculo
742 3387 849 3438 numum
864 3376 933 3423 soloe
950 3388 999 3423 non
1017 3375 1077 3423 sunt
1094 3370 1218 3434 radiatus,
1237 3370 1283 3423 scd
1298 3375 1422 3440 tympana

138 3456 296 3506 masmana
319 3458 369 3506 urci
390 3460 414 3505 et
432 3458 516 3506 iuncto
542 3455 632 3505 cantho
647 3457 751 3521 farreo.
787 3457 851 3505 aeis
873 3458 957 3504 auten
977 3469 1035 3504 cum
1053 3453 1242 3516 somnolenter,
1270 3469 1331 3502 num
1349 3457 1422 3504 rotae

138 3538 207 3587 drea
233 3536 349 3588 dmdern
375 3536 505 3589 cardinem
532 3536 690 3587 adhibentur.
727 3538 772 3586 hoe
798 3535 939 3586 vehiculum
961 3538 988 3584 in
1011 3538 1093 3586 sacris
1112 3533 1213 3586 Caesis
1229 3549 1341 3586 amenas
1357 3551 1422 3601 pune

139 3617 241 3671 Eleusis
262 3618 406 3687 appellatur
428 3621 460 3670 ab
484 3618 572 3687 oppido
597 3617 716 3669 Eleusine
738 3621 825 3669 Attico
848 3622 874 3668 et
897 3617 925 3668 id
947 3615 1041 3667 ducunt
1064 3618 1142 3667 boam.
1179 3614 1212 3667 ei.
1231 3617 1420 3669 boettichernm

138 3698 230 3751 Philol.
243 3702 330 3768 Suppl.
349 3700 380 3752 111
400 3718 422 3768 p.
437 3701 495 3751 301.
523 3702 593 3752 cirea
611 3716 702 3751 annum
722 3701 780 3751 100.
800 3699 907 3751 leminae
927 3700 1022 3750 divites
1041 3700 1067 3750 in
1086 3715 1176 3766 pompa
1195 3714 1283 3763 magua
1302 3698 1421 3750 curribus

139 3782 276 3834 utebantur
294 3785 387 3845 (Arist.
407 3783 472 3834 Plut.
488 3783 563 3848 1013,
583 3783 712 3833 Demostb.
730 3780 794 3832 xxt
809 3782 864 3845 158,
882 3779 914 3831 cl.
934 3782 1004 3832 Suid.
1024 3778 1056 3831 sd
1076 3780 1105 3833 lx
1123 3781 1181 3833 τῶν
1198 3778 1312 3850 ἁμαξῶν
1329 3772 1421 3846 σκώμ-

138 3881 212 3930 ματα
230 3889 263 3908 =
282 3867 360 3917 schol.
386 3867 467 3917 Arist.
488 3864 554 3915 Plut.
576 3866 658 3917 1014).
704 3865 767 3931 quod
796 3879 851 3915 cnm
878 3870 1009 3931 antequam
1037 3865 1112 3914 etium
1141 3878 1214 3914 saera
1242 3878 1318 3914 curru
1345 3869 1421 3913 recta

138 3953 207 4011 sunt,
226 3945 320 3997 lactum
338 3963 394 3998 esse
408 3949 464 3999 veri
479 3948 562 3997 simile
577 3962 625 3995 non
639 3948 682 4008 sit,
701 3963 803 3997 currum
819 3946 898 3996 hobus
911 3953 1021 3996 tractum
1034 3947 1102 3996 intra
1116 3961 1195 3996 annos
1209 3945 1256 3997 421
1277 3947 1312 4005 (v.
1326 3952 1379 3995 not.
1393 3945 1419 4007 2)

139 4034 165 4076 ct
183 4028 318 4078 tos-388
337 4030 429 4089 (Arist.
451 4028 530 4091 Plut.)
549 4028 695 4079 institutum
715 4042 771 4078 esse
788 4029 911 4077 conicias.

238 4109 259 4169 ⁴)
281 4108 355 4175 llarp.
375 4106 434 4176 lepti
452 4104 515 4167 ὁδός
534 4111 598 4160 unde
618 4110 734 4160 breviter
752 4108 860 4160 Photius
878 4116 905 4159 ct
923 4109 1024 4159 Snidas.

239 4189 260 4255 ⁸)
279 4189 331 4241 (111
349 4189 372 4241 11
390 4193 453 4254 11ος
472 4192 617 4254 tot-tes,
636 4193 695 4243 171.

242 4271 426 4332 ο)(1101115.

242 4355 262 4414 'l
282 4352 403 4405 Philostr.
423 4356 469 4406 vit.
489 4356 558 4421 soph.
578 4353 598 4406 ll
618 4355 650 4404 20
670 4356 702 4420 (p.
716 4355 784 4417 602).

241 4434 426 4499 bfflfflb
