3126 5056
681 212 878 270 -4-

142 395 173 455 in
203 390 316 475 pariete
343 384 404 444 alto
426 381 464 440 ita
487 377 603 458 positus
625 394 698 442 erat.
720 396 753 444 ut
775 387 833 445 nisi
855 389 964 465 angulo
986 388 1085 452 bebeti
1106 411 1168 454 non
1191 408 1396 476 ςρεςωριῃγ
1419 415 1452 467 ρι

148 511 182 553 ea
207 499 334 557 tantum,
356 500 432 561 quae
454 498 469 539 a
492 479 660 557 parimento
674 483 843 562 refulgebat
866 487 931 546 luee
945 487 1177 552 collustraretur.
1211 515 1307 573 qnam
1323 501 1452 583 simpli·

142 591 261 653 oiseium
283 587 375 665 igitur
396 578 504 641 omnia.
526 596 615 655 quam
638 580 775 641 facillima
797 585 916 662 cognitu
933 587 1062 648 artifices
1081 591 1251 670 exprimere
1272 597 1450 674 debebant;

143 690 221 751 unde
246 687 312 758 tela,
335 699 427 744 arma,
449 677 579 738 cuiusvis
600 680 715 756 generis
739 684 875 742 utensilia
898 688 1030 764 neglecta
1051 711 1119 753 esse
1140 697 1368 775 suspioandum
1385 717 1448 767 est.

142 799 292 870 praetem
316 783 405 845 etiam
429 779 460 839 in
482 776 605 855 singulis
628 779 732 857 liguris
754 793 835 843 certo
857 785 947 845 modo
967 799 1056 869 atque
1070 811 1199 855 numero
1214 803 1448 879 componendis

143 887 216 949 artis
249 887 328 966 leges
359 880 522 963 plurimum
545 875 711 940 valuerunt.
756 882 836 942 relut
857 885 1017 964 nnepbori
1038 889 1096 952 bac
1117 893 1154 954 de
1176 912 1267 957 musa
1290 901 1445 964 numnis

142 985 286 1062 orrent‘).

240 1083 353 1147 aceedit
375 1077 456 1159 qnod
479 1073 573 1136 multa
594 1093 661 1136 aere
683 1076 778 1150 affixa,
810 1080 901 1140 multa
924 1084 1002 1162 pieta
1024 1104 1124 1167 erant3
1158 1115 1234 1175 quae
1256 1117 1344 1163 nune
1367 1105 1444 1184 qui-

142 1186 210 1249 dem
233 1187 351 1248 desunt

241 1304 311 1348 eum
334 1283 424 1363 igitur
445 1276 592 1357 zophorus
613 1295 692 1350 eum,
714 1297 803 1358 quem
820 1281 1016 1347 Athenienses
1030 1291 1149 1352 saeculo
1170 1293 1278 1372 qmnto
1301 1300 1437 1378 praebe-

140 1386 220 1459 bant,
243 1402 370 1466 pompae
391 1386 544 1459 aspectum
575 1394 693 1438 summa
714 1390 778 1440 arte
798 1390 982 1444 contractum
1006 1396 1036 1447 et
1057 1388 1247 1453 nobilitatum
1271 1399 1437 1476 exprimat,

143 1495 242 1548 tamen
264 1482 379 1562 singula
395 1478 454 1540 nisi
470 1475 608 1537 omnibus
630 1476 783 1555 diligenter
805 1483 934 1558 pensatis
957 1502 993 1544 ex
1015 1505 1050 1547 eo
1073 1489 1209 1568 colligere
1231 1512 1292 1555 non
1316 1516 1436 1576 possu-

141 1603 219 1646 mus.
265 1601 335 1661 ergo
356 1598 432 1660 quae
454 1577 485 1637 in
508 1574 637 1654 zophoro
660 1587 739 1638 sunt
768 1596 801 1637 ea
832 1589 913 1639 oerto
934 1581 965 1641 in
987 1602 1095 1666 pompa
1117 1589 1209 1651 luisse
1231 1597 1434 1660 statuendum

141 1694 203 1756 est3
226 1681 278 1744 sed
293 1700 336 1758 ea,
359 1697 435 1760 quae
457 1676 522 1737 aliis
538 1675 752 1736 confirmantur
767 1676 955 1741 testimoniis.
977 1700 1011 1742 ea
1033 1684 1069 1745 de
1090 1705 1189 1761 musa,
1217 1693 1298 1770 quod
1320 1694 1354 1755 in
1378 1716 1432 1759 zo-

140 1783 235 1865 pboro
256 1781 472 1849 desiderantur,
495 1792 620 1856 pompae
642 1774 833 1837 abiudieanda
855 1796 916 1838 non
939 1791 1019 1842 sunt.

240 1881 345 1941 deinde
370 1878 447 1940 tituli
470 1876 563 1936 multa
585 1883 673 1952 atque
697 1875 792 1952 gratia
814 1877 951 1938 afferunt.
996 1881 1144 1960 equibus
1166 1885 1285 1948 decreta
1307 1890 1431 1968 publica

142 1981 202 2043 duo
224 1979 385 2041 eorundem
409 1993 537 2055 quorum
560 1973 707 2053 zophorus
731 1984 897 2055 temporum
921 1978 1028 2055 sunt⁵),
1052 1999 1157 2054 unum,
1180 2004 1239 2063 quo
1262 1987 1298 2047 de
1322 1989 1429 2053 hiem.

141 2097 286 2162 poeorom
310 2095 435 2138 munere
456 2075 563 2154 agitur,
586 2072 708 2152 Lycurgi
731 2073 834 2134 aetatis
856 2073 945 2152 est‘).
990 2085 1053 2137 tum
1077 2098 1131 2159 per
1152 2084 1252 2144 omnia
1274 2088 1337 2147 tere
1360 2108 1431 2151 ωε.

143 2181 207 2242 cula
238 2178 327 2241 modo
354 2178 426 2238 haee
448 2174 538 2236 ruodo
560 2172 608 2233 illa
630 2191 646 2231 e
670 2172 763 2232 titulis
786 2173 995 2235 diversissimis
1017 2176 1204 2256 colliguntur,
1228 2183 1358 2263 denique
1382 2191 1432 2252 rel

140 2279 216 2342 eirea
244 2296 357 2340 annum
382 2276 454 2337 400.
478 2294 506 2355 p.
529 2272 598 2334 Chr.
621 2290 651 2332 n.
674 2270 704 2332 in
733 2271 818 2334 titulo
845 2273 973 2351 quodam
1001 2275 1160 2339 honorario
1182 2298 1289 2344 eunus
1312 2288 1429 2351 naualis

140 2375 435 2455 commemoratur&

241 2487 391 2560 praeterea
415 2473 574 2554 scriptores
597 2469 690 2533 multa
711 2478 742 2532 et
763 2469 842 2531 varia
863 2469 899 2531 ad
921 2490 1047 2552 pompae
1069 2476 1180 2538 formas
1203 2484 1427 2557 cognoscendas

141 2578 291 2660 praebent
336 2574 483 2655 equibus
505 2574 541 2644 ei,
575 2571 626 2650 qui
648 2589 786 2651 pompam
810 2581 945 2632 aeonrate
968 2571 1198 2653 descripserunt,
1233 2577 1426 2662 beortologos

141 2677 216 2750 dieo,
239 2677 279 2738 ita
302 2693 422 2756 pessum
446 2671 506 2732 dati
529 2680 609 2742 suut,
634 2678 667 2730 ut
688 2669 747 2729 nisi
769 2688 860 2750 pauca
883 2669 951 2731 inde
973 2690 1033 2732 non
1055 2671 1213 2735 diseamus.
1253 2685 1316 2737 tun
1345 2699 1428 2746 unus

143 2774 294 2837 Himerius
310 2773 392 2834 -si
415 2772 458 2832 eis
474 2771 561 2831 etiam
578 2768 774 2829 Philostratus
789 2768 840 2847 qui
856 2769 919 2829 eius
942 2770 1033 2844 naris,
1056 2790 1144 2851 qnam
1162 2771 1293 2836 Herodes
1307 2776 1427 2844 Atticus

140 2892 218 2937 anno
243 2874 313 2935 134.
358 2872 526 2941 donaverat
558 2868 633 2928 viam
666 2866 780 2942 tradid)
803 2902 843 2909 -
866 2867 954 2946 paulo
986 2869 1122 2949 pluribus
1156 2871 1253 2933 verbis
1279 2893 1423 2957 pompam

141 2971 324 3050 describit⁰).
368 2969 419 3031 sed
444 2968 556 3030 utinam
583 2967 631 3028 ille
654 2966 743 3028 homo
766 2967 871 3028 doetus
893 2966 1008 3037 fuisset,
1042 2987 1103 3029 non
1125 2979 1234 3043 orator,
1262 2973 1349 3035 onius
1371 2975 1424 3039 iu-

140 3091 246 3136 sanum
270 3071 508 3152 napivdoponv
531 3065 700 3128 incredibile
722 3076 866 3145 quantum
890 3068 1027 3129 exsultat.
1064 3077 1165 3130 eontra
1186 3069 1319 3148 gratiora
1341 3085 1424 3145 sunt.

139 3191 214 3253 quae
236 3191 252 3233 e
275 3168 399 3249 singulis
421 3167 599 3248 scriptorum
625 3166 772 3228 rariorum
788 3167 860 3227 locis
876 3165 1063 3246 colliguntur.
1101 3168 1305 3248 perusinum
1321 3182 1424 3237 autem

140 3280 228 3352 atque
251 3269 492 3350 antiquissimum
522 3265 725 3329 testimonium
749 3265 870 3327 Homeri
893 3284 993 3328 versus
1016 3267 1047 3328 iu
1070 3271 1102 3328 B
1124 3269 1313 3329 550.-554.
1336 3283 1424 3347 sunt3

141 3371 219 3434 uude
252 3388 376 3452 pompae
410 3371 537 3432 sormam
571 3366 687 3428 saeculo
720 3375 803 3427 sexto
836 3364 959 3426 eandem
990 3368 1052 3428 lere
1084 3375 1172 3446 atque
1200 3366 1306 3446 quinto
1328 3369 1423 3433 luisse

138 3471 287 3548 elocet¹‘').
326 3469 432 3531 deinde
454 3487 507 3549 per
531 3475 622 3529 totam
645 3465 850 3545 antiquitatem
868 3465 997 3544 singulas
1014 3485 1061 3527 res
1077 3465 1225 3546 dispersas
1240 3465 1420 3542 invenimus,

139 3568 218 3630 velut
240 3568 356 3631 saeculo
379 3570 484 3648 quinto
506 3566 583 3649 apud
607 3576 707 3648 poetas
733 3565 858 3645 tragicos
881 3575 909 3627 et
933 3564 1071 3638 comicos,
1106 3573 1210 3643 quarto
1243 3563 1322 3642 apud
1352 3565 1422 3628 Pla-

139 3676 240 3731 touem
264 3666 490 3748 Xenophontem
519 3676 658 3739 oratores,
687 3667 717 3729 iu
746 3664 913 3728 Aristotelis
940 3663 1109 3745 republica
1132 3661 1367 3738 Atheniensium,
1391 3666 1421 3728 in

241 3941 262 4003 ⁴)
282 3955 306 3990 ν.
328 3940 344 3990 1.
365 3956 387 4007 p.
401 3938 441 4004 ll,
461 3947 513 3991 oet
531 3938 586 3993 tat.

240 4020 263 4083 t)
282 4018 335 4071 eta
357 4019 364 4070 1
383 4021 412 4071 st
434 4028 460 4071 ot
479 4021 518 4071 ³7.

238 4103 261 4164 ⁰)
278 4101 329 4152 eta
350 4099 371 4152 11
393 4103 448 4155 itta.

240 4184 259 4244 't
280 4183 331 4235 (tta
353 4182 382 4235 111
403 4185 460 4234 110.

239 4264 258 4326 ⁸)
280 4267 326 4317 vit.
346 4265 416 4332 sopit
436 4263 455 4315 ll
480 4267 498 4327 1,
511 4266 534 4315 5.

239 4344 259 4404 ⁹)
279 4361 315 4396 or.
336 4344 365 4397 ΙΙΙ
387 4347 493 4399 12-10.

227 4425 259 4490 ¹⁰)
276 4427 307 4478 de
326 4426 504 4482 Wlltuowltr
524 4428 633 4482 trlrtot.
652 4428 702 4480 und
722 4427 803 4481 dtbon
822 4427 831 4480 l
850 4427 946 4497 ptos,
962 4428 1017 4480 100.
