3126 5056
674 278 893 343 -33-

89 474 94 479 ·
141 454 256 515 niensis
280 453 436 534 imaginem
461 453 635 515 Parrhasius
658 455 763 516 melius
786 456 951 536 exprimere
972 475 1031 518 non
1056 457 1160 537 potuit,
1188 476 1277 536 quam
1294 459 1422 539 populus

143 552 207 633 ipse
231 572 336 633 pompa
361 552 572 614 Panathenaico
596 555 691 623 ducta,
715 555 828 634 sculpta
850 555 881 615 in
906 555 1091 617 Parthenone
1114 555 1243 618 Phidias.

689 815 879 857 excursus.

616 947 655 1008 de
678 948 952 1028 diphropboris.

244 1084 280 1145 de
303 1085 510 1165 dipbrophoris
539 1085 607 1146 item
638 1095 726 1164 atque
749 1086 784 1145 de
807 1086 1017 1166 scaphephoris
1040 1096 1070 1148 et
1092 1087 1127 1147 de
1151 1087 1350 1167 sciadepboris
1373 1088 1422 1161 ita,

142 1193 176 1242 ut
199 1201 315 1244 errores
339 1185 515 1245 inveteratos
538 1187 653 1256 eiceret,
677 1186 735 1263 egit
757 1186 792 1246 de
809 1186 1000 1247 Wilamowitz
1024 1186 1122 1247 Herm.
1141 1186 1227 1257 111111,
1253 1206 1281 1266 p.
1297 1187 1359 1248 219
1380 1207 1424 1267 sq.

141 1281 247 1341 deinde
264 1282 481 1361 Furtnaengler
496 1280 724 1356 (Meisterwerhe
744 1302 773 1363 p.
794 1283 895 1357 tana)
919 1284 981 1344 11133
999 1294 1146 1345 metoecos
1162 1303 1221 1345 non
1238 1285 1328 1346 luisse
1345 1295 1425 1347 recto

142 1379 225 1441 dixit.
273 1400 340 1441 nam
374 1381 403 1441 in
436 1400 495 1442 uno
528 1382 732 1462 Aristophanis
766 1382 829 1442 loco
862 1401 1014 1463 perperam
1049 1383 1198 1445 intellecto
1233 1383 1303 1444 haec
1325 1383 1424 1463 opinio

141 1479 257 1540 nititur.
303 1498 390 1559 quem
425 1489 520 1541 totum
555 1480 742 1560 interpretari
775 1480 804 1541 in
839 1483 939 1543 animo
972 1489 1030 1552 est3
1063 1501 1155 1561 quare
1182 1481 1288 1542 Avium
1322 1501 1425 1543 versus

145 1578 356 1639 test-1555
380 1578 490 1658 relegas
513 1579 609 1640 velim.

244 1676 439 1737 Prometheus
456 1687 535 1738 veste
549 1678 661 1739 relatus
677 1688 707 1740 31
722 1679 848 1739 umbella
869 1687 965 1739 tectus
981 1678 1083 1739 lurtim
1101 1678 1221 1753 accedit,
1238 1680 1424 1743 Pithetaerus

140 1785 241 1836 autem
265 1776 295 1836 in
320 1777 389 1836 sella
412 1777 518 1838 sedens
541 1779 699 1839 nonnullas
721 1798 788 1839 aves
811 1777 910 1840 animo
933 1797 1027 1857 aequo
1049 1778 1273 1858 praeparat²⁰⁸).
1319 1780 1424 1841 deiude

142 1875 192 1936 ubi
214 1875 388 1936 Promethea
404 1880 538 1955 agnoscit
560 1878 633 1939 13313
656 1878 751 1957 surgit
772 1888 801 1939 et
823 1877 864 1937 illi
887 1878 1024 1940 occurrit.
1060 1878 1108 1938 hic
1129 1888 1239 1953 autern,
1269 1880 1425 1941 31111113-

141 1984 222 2035 taero
257 1985 319 2035 atra
342 1976 462 2037 consilia
486 1977 520 2036 ad
544 1995 645 2038 aurem
670 1977 844 2049 insusurret,
874 1976 925 2046 illi,
958 1977 1007 2055 qui
1031 1995 1135 2037 causae
1151 1977 1264 2039 inscius
1289 1979 1422 2052 miratur,

141 2074 298 2134 umbellam
324 2093 413 2134 manu
438 2076 594 2136 tenendam
620 2076 717 2137 tradit.
754 2085 815 2136 tum
841 2074 1034 2146 Pitbetaerus,
1060 2074 1108 2135 ubi
1131 2074 1200 2153 quid
1225 2075 1351 2137 umbella
1368 2076 1423 2138 sibi

140 2173 209 2233 velit
242 2174 396 2253 comperit,
431 2174 507 2234 illam
543 2193 662 2235 summo
696 2174 800 2254 gaudio
834 2175 872 2234 113
909 2173 1012 2239 vibrat,
1048 2185 1081 2234 ut
1102 2172 1298 2236 Prometheus
1333 2176 1423 2236 tutela

140 2271 272 2351 privatus
293 2273 459 2333 occultandi
475 2275 603 2352 quodam
621 2284 704 2352 gestu
720 2283 863 2334 terrorem
880 2283 1017 2334 ostentet.
1055 2272 1134 2351 quod
1152 2291 1220 2332 cum
1237 2271 1422 2335 Pitbetaerus

139 2370 239 2431 statim
271 2382 437 2448 cognoscat,
473 2373 629 2432 umbellam
654 2371 808 2450 diligenter
830 2391 920 2451 super
942 2372 1020 2431 illius
1043 2371 1137 2450 capite
1159 2371 1244 2450 ponit
1267 2383 1296 2432 et
1318 2391 1418 2433 aurem

138 2469 270 2549 praebet.
317 2471 433 2530 tandem
458 2489 595 2531 sermone
619 2471 701 2531 linito
726 2471 921 2531 Prometheus
945 2470 1042 2529 denuo
1065 2489 1081 2528 e
1105 2468 1263 2529 Pitlretaeri
1292 2470 1426 2531 manibus

140 2567 298 2628 umbellam
333 2569 439 2648 recipit
471 2582 501 2630 et
533 2569 635 2630 lacetia
669 2569 782 2650 prolata
804 2569 879 2641 abit,
913 2568 1422 2629 1111331333333313331111333313

139 2667 218 2727 baud
242 2686 355 2748 expers,
379 2687 446 2728 curn
470 2687 545 2741 eam,
569 2669 598 2728 in
621 2688 677 2747 qua
699 2668 782 2728 initio
798 2667 913 2728 sederat
928 2667 1027 2726 sellam
1047 2666 1136 2739 tollat,
1161 2666 1232 2726 haec
1247 2666 1422 2746 respondet:

140 2771 194 2831 nai
220 2769 276 2832 τὸν
299 2769 421 2852 δίφρον
443 2793 478 2847 γε
502 2767 704 2852 διφροφόρει
727 2768 818 2833 cordi
843 2761 964 2849 λαβών.

242 2889 277 2930 ex
293 2871 488 2950 Aristophane
510 2870 600 2948 igitur
623 2870 679 2930 nisi
702 2870 918 2949 diphrophoros
935 2868 1056 2929 Athenis
1079 2867 1227 2928 exstitisse
1250 2864 1324 2926 nihil
1339 2863 1422 2924 colli-

140 2968 268 3046 gendum
293 2979 347 3030 est.
392 2969 498 3029 deinde
521 2988 536 3028 3
559 2968 752 3048 Nicophontis
776 2965 1133 3045 Euchirogastoribus²⁰⁶)
1160 2977 1247 3026 etex
1271 2961 1424 3042 Hermippi

139 3064 266 3141 Deis²⁰⁷l
297 3069 511 3148 diphropboros
534 3087 602 3128 cum
626 3067 799 3147 canephoris
823 3067 920 3145 aliquo
944 3067 1030 3126 modo
1054 3065 1226 3125 coniunctas
1249 3081 1313 3122 esse
1341 3061 1425 3121 vide·

142 3185 219 3227 mus.
265 3167 376 3227 accedit
409 3167 502 3247 ipsius
527 3167 728 3246 Aristophanis
763 3166 964 3226 testimonium
1001 3165 1090 3242 (Eccl.
1114 3163 1198 3237 734),
1223 3181 1319 3241 equo
1350 3159 1424 3220 nibil

139 3266 217 3326 aliud
242 3265 299 3326 nisi
322 3265 537 3346 diphropboros
560 3286 627 3327 cum
652 3265 826 3345 oenophoris
850 3267 878 3326 in
902 3283 1008 3345 pompa
1025 3263 1204 3344 processisse
1220 3262 1330 3333 elucet,
1352 3277 1421 3318 nam

140 3365 251 3443 integra
274 3383 381 3444 pompa
405 3375 459 3429 331,
482 3384 570 3444 quam
595 3365 684 3425 bomo
708 3365 755 3424 ille
780 3365 964 3424 miserrimus
987 3381 1054 3423 cum
1072 3382 1122 3422 sua
1140 3358 1319 3441 supellectile
1335 3357 1424 3417 insti·

141 3463 211 3524 tuit:
237 3465 435 3543 canephorum
460 3464 537 3523 enim
563 3463 794 3543 diphropborum
820 3462 1055 3542 scapbephorum
1079 3459 1310 3539 hydriaphorum
1328 3455 1422 3515 citha-

141 3564 243 3624 ristam
267 3563 491 3641 cognoscimus3
513 3562 590 3641 quod
613 3563 686 3622 alter
708 3561 779 3621 civis
803 3561 951 3640 perspicit,
974 3578 1040 3618 cum
1059 3558 1135 3618 dicat
1151 3552 1223 3616 οὔτι
1239 3552 1283 3635 μὴ
1303 3548 1422 3631 Ἱέρωνι

139 3663 199 3723 τῶι
224 3658 339 3742 κήρυκι
364 3660 504 3742 πομπήν
531 3663 696 3740 alpenses,
730 3661 827 3739 ipsum
863 3669 971 3728 autem,
1006 3657 1056 3735 qui
1091 3655 1268 3716 feminarum
1303 3652 1422 3713 decreto

139 3761 322 3840 obsequitur,
357 3762 483 3823 bostiam
520 3761 622 3820 bovem
657 3778 722 3820 3333
757 3776 886 3818 censeas.
933 3756 1059 3834 denique
1082 3753 1203 3816 Strattis
1237 3753 1266 3812 in
1289 3751 1423 3812 Atalanta

241 3986 285 4050 ¹⁰⁵)
305 3988 476 4041 i‘itheteerum
502 3989 558 4038 dum
583 3988 675 4037 choros
699 3986 767 4035 33311
790 3986 816 4034 13
836 3983 900 4033 sella
919 3983 1016 4032 sedisse
1036 3981 1094 4031 inde
1113 3980 1169 4030 veri
1188 3979 1271 4028 simile
1290 3983 1340 4038 est,
1358 3975 1423 4040 qood

141 4071 214 4137 paulo
239 4080 327 4139 postea
353 4074 397 4123 1113
412 4073 512 4121 'utitem
553 4085 615 4121 aves
640 4076 723 4118 auteur
747 4083 776 4117 33
801 4067 831 4114 de
854 4081 930 4115 33333
949 4065 1055 4115 33111333
1076 4063 1186 4123 ridetur,
1209 4060 1272 4125 quod
1301 4059 1423 4108 1333333

140 4164 262 4221 sequente
289 4157 338 4204 inm
367 4154 454 4202 331333
480 4159 554 4213 3331;
588 4167 665 4217 neque
699 4150 765 4199 euim
794 4146 967 4198 Pitbetaerum
995 4145 1142 4197 Prometheo
1178 4142 1331 4192 adveniente
1360 4137 1422 4186 nihil

140 4235 235 4286 1331333
256 4238 424 4285 censebimus.

243 4318 285 4374 ²⁰⁸)
306 4317 420 4367 hleioeke
435 4318 458 4379 2,
471 4315 535 4378 8523
556 4313 562 4364 Ι
577 4316 635 4365 110.

242 4402 285 4460 ¹⁰²)
305 4401 420 4452 11313313
434 4399 533 4462 t‚3ss;
553 4397 626 4448 ttta
646 4405 777 4463 utrumqne
796 4402 893 4463 poetam
913 4393 1050 4443 scholiasta
1070 4392 1100 4440 ed
1120 4387 1302 4454 Aristophanis
1320 4397 1422 4435 nereum

142 4487 217 4536 1119.
236 4486 310 4536 citat.

197 4571 291 4619 11311,
312 4572 344 4613 De
361 4572 439 4612 Athen,
455 4569 540 4622 pompis
554 4569 628 4610 333313.
1228 4558 1244 4610 3
