3126 5056
674 267 894 333 -55..

148 443 225 507 breti
244 452 348 507 eutem
370 444 467 507 fabula
490 444 612 519 Thesea,
635 464 693 524 qua
716 444 849 506 Theseus
871 453 973 507 octavo
995 446 1208 527 Pyanopeionis
1231 448 1278 509 die
1299 469 1316 510 e
1338 450 1423 514 Creta

148 543 266 607 rediisse
288 542 451 616 dicebatur,
478 543 517 606 ita
544 545 644 616 creuit,
671 554 705 605 ut
733 544 908 605 cerimonias
940 545 1065 606 rusticas
1092 565 1196 607 omnes
1225 548 1421 629 arripare101),

147 638 235 723 quid‘i
256 643 336 722 quod
359 652 460 723 postea
476 642 570 705 etiam
588 642 741 723 Epitaphia
764 643 886 704 heroum
910 652 1103 724 paternorum
1127 646 1349 708 Atheniensium
1374 649 1421 709 in·

147 740 238 813 luite,
273 760 350 821 quas
372 740 527 821 Euripides
550 741 738 823 Suppliclbus
769 741 933 815 celebravit,
963 742 992 802 in
1016 742 1218 821 Androgeonis
1243 745 1347 807 blinois
1371 747 1423 808 ulti

148 840 288 902 bonorem
311 839 428 902 institui
457 840 592 901 homines
620 840 697 901 docti
725 840 910 920 τοιούσδ’).
956 841 1106 903 sollemnia
1131 843 1221 922 igitur
1242 846 1421 907 autumnalia

147 938 240 1003 emnia
263 938 489 1001 celebrabantur
511 934 569 1000 odae
593 934 727 1016 desuye
750 940 894 1022 Θησέως.
917 973 960 984 -

242 1037 339 1101 multo
371 1038 454 1119 plura
489 1038 574 1099 rerba
608 1038 673 1112 leci,
708 1056 797 1118 quam
828 1057 953 1119 pompae
976 1038 1112 1100 videntur
1134 1039 1325 1104 desiderasse.
1370 1044 1421 1105 sed

145 1136 200 1199 nisi
220 1136 333 1202 iudicio
355 1136 390 1199 de
412 1136 605 1199 sollemnibus
628 1137 697 1199 totis
719 1137 848 1199 stabilito
871 1157 908 1199 ne
924 1157 1049 1218 pompae
1064 1138 1183 1218 quidem
1199 1139 1418 1220 intelleguntur.

689 1380 876 1424 excursus.

476 1474 515 1537 de
537 1493 688 1556 pompae
711 1475 999 1556 oschophoricae
1022 1478 1087 1538 via.

241 1613 422 1687 testimonia,
444 1623 612 1695 quaesunt
634 1614 669 1674 de
691 1632 815 1694 pompae
838 1614 1064 1694 oschophoricae
1088 1615 1142 1687 ria,
1165 1616 1195 1677 in
1218 1626 1287 1679 nota
1307 1617 1420 1681 duode-

143 1712 279 1775 vicesima
301 1722 332 1776 et
353 1715 486 1792 congessi
509 1723 538 1775 et
560 1713 596 1774 ab
611 1712 729 1774 Atthide
752 1712 850 1773 omnia
873 1714 1000 1793 pendere
1016 1714 1081 1775 diri,
1117 1715 1256 1794 equibus
1272 1716 1420 1779 Plutarchi

143 1812 310 1875 uenatione
344 1812 568 1874 Schoemannus
606 1831 678 1872 usus
711 1822 766 1882 est,
799 1820 832 1872 ut
868 1831 1004 1891 pompam
1042 1832 1058 1872 a
1093 1812 1214 1875 Phalero
1251 1815 1281 1875 in
1315 1816 1418 1879 urbem

141 1910 257 1973 ductam
280 1930 346 1973 esse
367 1923 468 1972 contra
491 1911 603 1990 reliqua
628 1910 794 1972 testimonia
811 1911 908 1971 omnia
924 1910 1079 1971 coniceret.
1116 1931 1203 1991 quam
1221 1914 1418 1977 cortiecturam

142 2010 242 2073 multis
264 2011 428 2092 probatam,
451 2028 538 2090 quam
562 2028 658 2091 nuper
679 2011 766 2071 etiarn
791 2009 1002 2071 blommsenius
1024 2020 1144 2072 secutus
1167 2020 1221 2085 est,
1244 2012 1315 2092 quin
1331 2033 1419 2077 accu-

140 2110 231 2173 ratius
252 2111 391 2181 refutem,
414 2112 509 2171 lacere
531 2128 590 2170 non
615 2128 745 2189 possum.

242 2228 330 2288 quem
364 2209 400 2270 ad
433 2209 521 2269 linem
552 2209 681 2288 primum
706 2208 800 2269 Procli
829 2208 925 2269 locum
956 2207 1103 2269 exscribo:
1139 2202 1351 2291 ὠσχοφορικοὶ
1380 2209 1418 2274 δὲ

139 2304 219 2389 μέλη
240 2306 324 2387 παρ’
336 2302 534 2390 Ἀθηναίοις
549 2304 677 2388 ήιδετο·
699 2308 757 2368 τοῦ
772 2308 871 2387 χοροῦ
887 2304 925 2368 δὲ
940 2302 999 2368 δύο
1016 2309 1143 2368 νεανίαι
1160 2301 1244 2369 κατα
1259 2320 1418 2384 γυναῖκας

139 2402 368 2486 λστολισμένοι
401 2403 510 2488 κλῆμα
542 2401 693 2484 ἀμπέλου
719 2402 907 2486 κομίζοντες
935 2403 1055 2485 μεστὸν
1083 2400 1237 2467 εύθαλῶν
1267 2405 1416 2488 βοτρύων

139 2499 290 2583 (ἐκάλουν
311 2502 345 2567 δ’
367 2499 448 2567 adad
471 2501 587 2585 ὤσχην,
622 2495 685 2585 ἀφ’
708 2496 746 2565 ού
768 2499 825 2564 καὶ
848 2513 917 2575 τοϊς
938 2501 1072 2582 μέλεσιν
1095 2500 1113 2585 η’
1137 2502 1323 2585 ἐπωνυμία)
1355 2508 1412 2588 τῆς

141 2598 255 2685 ἕορτής
276 2604 495 2685 καθηγοῦντο.
532 2599 630 2680 ἄρξαι
654 2597 691 2663 δέ
713 2620 798 2684 φασι
823 2603 936 2684 Θησέα
959 2603 1091 2682 πρῶτον
1112 2604 1171 2664 τοῦ
1194 2600 1300 2682 ἔργου.
1342 2602 1417 2667 ἐπεὶ

141 2699 204 2783 γὰρ
226 2697 378 2774 ἑκούσιος
400 2695 549 2773 ύποστύς
571 2695 630 2762 ιύν
652 2700 700 2772 τίς
721 2696 847 2783 Κρήτην
870 2697 977 2762 πλυύν
998 2696 1167 2782 ἀπήλλαξε
1188 2701 1247 2783 τήν
1270 2702 1417 2784 πατρίδα

140 2799 196 2882 τῆς
217 2797 302 2863 κατὰ
328 2798 386 2863 τὸν
409 2798 538 2879 δασμὸν
560 2800 742 2880 συμηορᾶς,
771 2794 969 2881 χαριστήρια
991 2793 1176 2872 ἀποδιδούς
1194 2795 1338 2882 Ἀδηνᾶι
1361 2803 1417 2863 καὶ

142 2893 324 2971 Διονύσυνι,
357 2902 394 2961 ol*
421 2893 522 2960 αύτῶι
553 2896 637 2958 κατὰ
662 2895 721 2979 τήν
744 2900 844 2980 νήσον
866 2895 924 2980 τήν
948 2900 1035 2960 Δίαν
1058 2894 1273 2981 ἐπεφάνησαν
1296 2897 1418 2982 ἔπραξε

140 2996 246 3070 τοῦτο,
259 2994 337 3059 δυσὶ
352 2999 500 3069 νεανίαις
515 2993 835 3078 δσκιατραιμημίνοις
846 2992 1049 3080 χρησάμενος
1065 2995 1148 3077 πρὸς
1160 2996 1218 3080 τήν
1230 2996 1417 3079 ῖεροηηηίαυ

141 3088 331 3178 ύπηρέταις.
368 3089 409 3177 ἦν
430 3093 468 3157 δὲ
489 3105 560 3168 τοῖς
578 3090 775 3177 Ἀθηναίοις
798 3091 1047 3177 ήπαραπομπή
1064 3092 1099 3155 ἐκ
1116 3097 1174 3157 τοῦ
1191 3098 1417 3159 Διονυσιακοῦ

142 3186 233 3275 lepori
266 3193 314 3266 τίς
345 3191 383 3256 τύ
416 3195 472 3276 τῆς
490 3188 637 3276 Ἀθηνᾶς
671 3194 727 3275 τής
754 3191 917 3274 Σκιράδος
944 3196 1085 3274 τέμενος.
1131 3199 1244 3257 εἵπετο
1277 3194 1315 3257 δὲ
1346 3204 1417 3270 τοϊς

141 3292 290 3364 νεανίαις
321 3286 460 3373 ὀχυρὸς
493 3293 547 3355 καὶ
583 3289 656 3376 ηἰδε
677 3291 718 3355 τὰ
739 3288 830 3375 μέλη.
874 3290 910 3364 ἐξ
937 3284 1073 3373 ἑκάστης
1099 3288 1135 3353 δὲ
1164 3289 1268 3374 ηυλῆς
1295 3291 1415 3376 ἔφηβοι

141 3385 364 3471 διημιλλῶντο
387 3390 471 3475 πρὸς
493 3387 655 3473 ἀλλήλους
678 3389 821 3472 δρύμωι·
859 3390 914 3451 καὶ
937 3386 1062 3452 τούτων
1078 3386 1095 3452 ὁ
1112 3388 1271 3471 πρότερος
1286 3389 1415 3469 ἐγεύετο

238 3616 273 3681 ⁶¹)
291 3632 340 3683 qen
358 3615 452 3669 facturn
471 3626 518 3681 est,
537 3625 566 3669 ui
583 3618 658 3669 simul
671 3626 697 3669 et
709 3619 815 3684 septimo
829 3625 855 3668 et
868 3624 960 3667 octavo
973 3618 1014 3666 dle
1028 3615 1142 3667 Theseus
1155 3617 1264 3667 rediisse
1276 3618 1413 3670 diceretur.

140 3696 254 3750 redieret
271 3706 355 3751 eutem
374 3708 465 3751 octarm
478 3700 664 3768 Pyaucpsionis
682 3701 722 3750 dia
737 3701 814 3759 (Plut.
829 3714 850 3749 c.
862 3698 1000 3762 XXlll'l);
1019 3714 1073 3748 neca
1092 3699 1200 3749 omniurn
1220 3701 1342 3750 niensium
1362 3701 1415 3751 dies

140 3781 225 3831 cmvi
243 3778 338 3832 Thesei
365 3783 409 3844 ite,
435 3790 464 3833 ni
480 3782 592 3849 Neptuni
620 3783 701 3849 putris
728 3782 797 3833 sueri
824 3789 910 3842 erent3
938 3782 976 3831 sic
1005 3789 1095 3831 octavo
1120 3781 1346 3832 hecatombeeonis
1373 3782 1414 3831 die

139 3861 244 3927 prinum
263 3864 376 3914 Athenas
403 3865 543 3915 advenerat
562 3865 696 3929 (Diodorus
719 3865 849 3930 periegete
878 3864 941 3930 opud
962 3863 1028 3913 Plut.
1048 3865 1108 3923 l.o.,
1138 3862 1204 3914 Plut.
1222 3862 1322 3919 eh'll).
1359 3879 1414 3913 cum

139 3949 222 3995 ente!
249 3945 404 3996 cerimoniae
431 3947 554 4009 rusticae,
581 3962 644 4012 quae
663 3947 792 4013 Apollinis
819 3960 891 3996 suero
920 3946 960 3995 die
988 3946 1096 4011 septimo
1125 3946 1225 4009 llehant,
1252 3961 1306 3994 curn
1330 3942 1414 3994 iahula

138 4021 236 4075 'l'bem
264 4027 494 4091 coniungerentur,
525 4027 598 4077 illum
628 4028 678 4079 iarn
707 4029 748 4078 dis
778 4029 885 4094 septimo
916 4027 1027 4077 rediisse
1055 4027 1224 4077 necessarium
1253 4033 1309 4075 crat
1337 4025 1413 4086 (Plut.

140 4122 162 4156 c.
179 4104 275 4169 xxu).

237 4186 271 4250 θλ)
290 4187 464 4253 Melesegores
478 4191 541 4255 apud
557 4190 614 4240 iles.
626 4188 668 4241 ἐπ’
679 4185 815 4257 Εύρυγύηι
829 4182 913 4258 ἀγών,
928 4190 978 4256 qui,
991 4207 1046 4240 cum
1059 4189 1216 4251 certaminis,
1235 4188 1298 4254 quod
1312 4189 1414 4239 saeculo

140 4274 229 4333 quemn
248 4270 393 4320 institutum
412 4278 461 4335 est,
478 4271 572 4321 notium
585 4270 708 4322 Theseum
728 4273 928 4337 desideraretur,
947 4274 1025 4322 heroe
1039 4280 1150 4322 ueterem
1170 4286 1256 4335 parurn
1275 4271 1413 4335 prudenter

139 4350 235 4401 attulit.
270 4359 360 4401 centra
378 4353 468 4402 melius
487 4360 526 4403 est
549 4354 613 4418 qnod
633 4354 802 4405 Callimachus
821 4355 902 4405 tradit
919 4357 955 4413 (v.
976 4362 1026 4403 not.
1041 4354 1084 4418 3³)
1102 4353 1180 4403 heroe
1197 4348 1264 4402 κατὰ
1283 4347 1414 4417 πρύμναν

139 4430 331 4496 Androgeoneae
358 4446 424 4484 esse.
459 4435 503 4484 sed
532 4434 660 4486 sueribeia
679 4436 840 4498 Androgeoni
860 4435 1003 4502 Epitepbiis
1031 4443 1102 4485 certo
1121 4448 1250 4499 numquam
1269 4430 1335 4482 laete
1354 4438 1413 4481 eunt

140 4510 287 4574 (llonuaen
306 4529 329 4579 p.
342 4514 410 4577 303).
