3126 5056
707 284 928 348 ..94-

176 464 322 525 llobertus
357 461 459 542 pulcre
491 460 670 537 coniecit¹³).
715 480 771 540 qua
794 461 825 522 in
847 460 903 522 loci
925 472 1029 522 natura
1051 459 1247 522 insistendum
1271 471 1332 535 cst3
1365 480 1455 543 prope

176 563 255 624 enirn
289 561 372 622 abest
404 581 420 621 a
448 560 578 621 solsticio
602 561 839 640 Sciropborionis
868 561 931 621 dies
953 558 1156 632 duodecimus,
1189 560 1337 623 ercrticc
1359 562 1456 623 radios

176 660 298 722 dimittit
331 659 375 720 sol
410 669 502 720 terrae
536 659 637 720 hestiis
672 660 843 720 hominibus
877 659 1021 731 infensus,
1054 658 1112 719 iam
1139 659 1206 720 albo
1228 659 1316 720 calcis
1337 661 1457 740 puluere

174 760 290 839 plantae
323 757 512 838 operiuntur;
548 756 668 818 tutelam
704 757 794 836 igitur
825 757 962 818 homiues
995 767 1026 818 et
1056 757 1129 838 ipsis
1161 765 1191 819 et
1218 768 1313 819 terrae
1341 767 1457 839 petunt.

175 875 263 937 quam
287 856 333 917 dei
355 857 416 916 sire
437 856 533 916 ventis
557 856 656 917 missis
680 856 740 916 sire
762 874 829 917 aere
851 855 1024 936 refrigerato
1047 855 1220 936 praebeant:
1244 855 1352 917 tutelae
1375 874 1457 936 spru-

177 955 277 1016 bolum
311 955 435 1034 simplex
462 955 589 1015 umbella
618 964 674 1028 est,
708 973 872 1034 quaecum
896 975 912 1016 a
935 955 1085 1016 sacerdote
1108 965 1286 1036 portaretur,
1321 955 1458 1016 homines

177 1053 304 1133 simplici
336 1053 525 1113 conclusione
559 1071 594 1114 ex
623 1054 753 1132 analogia
777 1053 822 1115 usi
845 1054 916 1114 dcos
938 1072 1057 1133 quoque
1072 1053 1163 1133 ,quasi
1186 1053 1343 1114 umbellam
1368 1071 1458 1134 supra

178 1161 286 1213 terram
321 1160 455 1212 tenturos
487 1170 552 1212 esse
585 1152 803 1231 exspectabant.
848 1153 927 1232 quod
962 1152 1129 1232 symbolum
1160 1170 1228 1213 cum
1251 1151 1458 1230 antiquitatem

178 1269 247 1331 prae
276 1269 308 1311 se
335 1253 416 1318 ierat,
445 1250 490 1310 rel
514 1251 722 1312 vetustissimis
745 1251 929 1330 temporibus
958 1251 994 1311 ad
1016 1250 1158 1312 arationis
1180 1269 1280 1312 sacrae
1301 1267 1405 1328 agrum
1429 1248 1459 1310 in

179 1367 294 1429 pompa,
317 1368 375 1427 qua
397 1349 519 1408 numina
541 1349 665 1428 agrestia
688 1350 883 1429 placarentur,
906 1350 1029 1411 ductum
1052 1368 1117 1411 esse
1140 1350 1305 1429 putandum
1321 1358 1377 1410 est.
1407 1347 1460 1409 scd

179 1448 263 1508 cuius
285 1450 397 1508 formae
420 1448 462 1507 rel
486 1458 553 1508 ante
576 1448 725 1508 saeculum
749 1448 886 1527 quintum
911 1449 1027 1509 ridetur
1048 1445 1193 1523 luisse¹⁰),
1226 1447 1371 1510 umbellas
1394 1446 1459 1508 dico

179 1546 341 1607 arteliciose
373 1549 472 1618 iactae,
508 1546 572 1607 eius
599 1547 763 1626 antiquitus
785 1565 932 1607 essenon
956 1556 1079 1627 poterat.
1126 1547 1218 1607 immo
1240 1545 1325 1606 initio
1348 1554 1460 1606 tectum

179 1643 335 1705 frondeum
371 1655 529 1724 portatum,
565 1655 664 1724 postca
699 1645 856 1706 umbellam
892 1645 1009 1726 populis
1036 1645 1227 1706 orientalibus
1251 1645 1387 1705 usitatam
1411 1662 1461 1704 re-

180 1754 294 1824 ceptam
328 1762 393 1803 esse
427 1742 668 1817 censebimus¹⁷).
712 1744 790 1823 quod
824 1745 992 1824 symbolum
1026 1744 1171 1809 rusticum
1200 1761 1269 1804 cum
1295 1743 1332 1804 ad
1355 1761 1460 1822 agrum

180 1860 295 1902 sacrum
330 1852 511 1921 portaretur,
546 1853 645 1904 utrum
681 1841 740 1903 illic
774 1842 918 1904 hlinerrac
952 1861 1068 1904 sacrum
1103 1841 1193 1904 luerit
1225 1858 1331 1915 necne,
1364 1841 1462 1920 exigui

282 2084 313 2146 ¹⁶)
332 2103 355 2152 p.
370 2087 429 2151 3¹18,
446 2102 460 2136 e
479 2086 546 2136 Plut.
565 2092 695 2152 praecept.
714 2085 814 2148 eonius.
835 2084 914 2136 Xbll.

282 2166 313 2228 ¹⁰)
333 2183 388 2217 nam
407 2176 458 2216 tum
472 2167 586 2218 hliuerru
605 2169 654 2217 iam
668 2167 790 2217 umbellas
804 2169 897 2217 multas
911 2167 1067 2234 possidebat,
1086 2183 1149 2233 quae
1162 2182 1218 2217 cunr
1231 2173 1284 2217 tota
1299 2165 1462 2232 supellectile

183 2262 255 2298 sacra
274 2249 298 2298 iu
319 2264 406 2313 pompa
426 2250 612 2300 Panathenaica
632 2249 808 2315 portabantur.

283 2329 313 2390 Π)
332 2331 379 2380 hoc
398 2333 471 2396 paule
489 2332 636 2382 accuratius
654 2331 830 2382 demonstrare
849 2331 875 2382 iu
894 2330 978 2380 auimo
998 2337 1045 2381 est.
1081 2329 1112 2380 ab
1132 2329 1252 2396 llecyehii
1270 2335 1355 2381 autem
1376 2329 1464 2390 glossa

183 2425 316 2462 exeamus:
335 2403 425 2468 σκιάς·
445 2408 461 2476 ἡ
478 2407 659 2482 ἅιάδενδρδς.
686 2414 733 2463 aul
751 2408 835 2478 σκηνὴ
855 2408 1031 2483 ώροφωμίνη.
1059 2412 1106 2461 aul
1122 2406 1152 2462 sd
1171 2408 1296 2466 θολιῦδις
1313 2406 1465 2472 σκιάδειον,

181 2492 211 2544 lu
229 2479 263 2542 ὧι
289 2487 462 2552 ὁιίοόνυσος
487 2485 616 2559 sciderat.
651 2494 698 2544 acl
724 2488 754 2545 sd
781 2496 957 2564 superantior.
991 2493 1038 2543 καὶ
1064 2483 1159 2543 κλάδοι
1185 2488 1340 2560 εὐμεγέθεις
1357 2487 1467 2548 ceadda<

181 2574 312 2641 λέγονται.
339 2574 393 2626 xri.
430 2576 496 2627 idem
524 2577 554 2626 ad
574 2575 691 2627 Photium
719 2577 847 2642 pervenit,
874 2576 916 2642 qui
944 2592 964 2625 s.
984 2592 1008 2627 v.
1029 2571 1109 2631 σκιὰς
1130 2575 1176 2625 acl
1194 2568 1336 2625 σκιάδειον
1353 2572 1465 2640 Eupolis

182 2663 273 2706 testera
293 2658 357 2706 citat
375 2657 503 2716 (hleincie
523 2658 546 2720 2,
559 2659 629 2722 5¹15),
648 2656 680 2707 cl.
700 2657 765 2708 Poll.
780 2655 824 2708 Vll
839 2658 896 2716 lid,
916 2656 1013 2708 xant.
1048 2671 1111 2721 quac
1130 2663 1247 2706 veterum
1268 2662 1294 2705 et
1313 2654 1421 2721 scriptis
1439 2662 1467 2704 ct

184 2738 269 2788 titulis
288 2747 312 2787 et
330 2741 497 2790 monumentis
516 2741 711 2802 confirmantur,
734 2756 789 2789 nam
809 2741 833 2788 in
853 2740 945 2806 hymno
965 2738 1086 2803 Delphico
1106 2737 1169 2788 talis
1188 2752 1245 2787 casa
1266 2735 1382 2797 frondea,
1401 2750 1466 2800 quae

185 2821 279 2871 Baccho
299 2828 431 2871 exstructa
451 2829 499 2882 est,
518 2831 729 2871 commemoratur
748 2820 818 2878 (Bell
833 2819 896 2870 xlx
912 2837 934 2886 p.
950 2819 1008 2879 tus,
1027 2820 1113 2886 hymni
1132 2835 1157 2870 v.
1176 2819 1240 2880 tau,
1258 2816 1290 2868 ci.
1309 2818 1465 2882 scriptorum

184 2900 264 2965 locos,
290 2918 352 2967 quos
371 2901 483 2953 Weilius
510 2905 631 2963 contulit)
651 2910 677 2953 et
700 2903 844 2968 permagnis
864 2903 962 2952 vitibus
982 2902 1092 2951 Bacchus
1111 2915 1160 2950 uon
1180 2900 1261 2949 solum
1280 2914 1335 2949 cunr
1354 2899 1381 2948 in
1401 2911 1466 2948 uase

184 2990 229 3033 aut
255 2984 280 3033 in
308 2999 383 3034 carro
407 2985 494 3035 navali
518 2988 612 3048 sedeat,
640 2986 683 3036 sed
702 2985 779 3035 etiarn
799 2999 854 3033 cum
872 2983 898 3033 iu
916 2983 1000 3034 thiaso
1019 2983 1143 3049 procedat
1160 2989 1205 3031 aut
1223 2987 1275 3031 stet
1292 2986 1338 3030 aut
1356 2980 1380 3028 iu
1400 2979 1466 3029 sella

183 3065 272 3114 sedeat
299 3072 419 3131 opacatus
446 3067 532 3116 multis
560 3067 585 3115 in
615 3067 729 3116 vasculis
757 3067 840 3132 pictus
868 3065 989 3115 occurrit
1027 3062 1058 3113 cl.
1085 3063 1177 3114 Aesch.
1195 3064 1243 3128 Ag.
1261 3062 1310 3114 4¹11
1330 3057 1469 3112 Kirchhol'

183 3137 284 3212 κήρυκα
303 3175 335 3182 -
353 3144 500 3200 κατάσκιον
521 3139 629 3204 κλάδοις
655 3144 744 3210 ἐλάας,
773 3147 860 3214 suppl.
879 3145 939 3208 332,
957 3146 1015 3196 sto.
1051 3144 1177 3195 accedunt
1203 3159 1266 3210 quae
1286 3145 1466 3195 Athenaeusc

186 3225 308 3277 Callinino
329 3228 424 3278 Rhodio
444 3229 524 3280 refert
543 3232 573 3281 de
588 3230 677 3280 Bacchi
696 3236 722 3279 et
734 3229 821 3296 Nysae
839 3228 986 3279 simulacris
1005 3229 1030 3278 in
1044 3226 1185 3277 Ptolemaei
1198 3224 1358 3290 Philadelphi
1377 3237 1465 3290 pompa

185 3309 267 3359 vectis
286 3309 318 3372 (V
338 3327 360 3376 p.
378 3312 448 3361 l98d
468 3319 495 3362 et
513 3310 524 3360 ί
528 3315 545 3372 ).
581 3311 699 3378 qualibus
726 3311 804 3360 ramis
828 3310 859 3360 ab
883 3311 933 3360 imo
952 3326 1023 3360 muro
1042 3307 1239 3359 ascendentibus
1257 3306 1351 3358 Graeci
1368 3303 1466 3356 sclaria

185 3391 316 3454 tegebant:
336 3391 409 3463 ῥίζης
426 3389 480 3462 γὰρ
497 3387 580 3458 οὔσης
598 3386 703 3458 φυλλὰς
720 3391 791 3454 δοιοί,
809 3390 837 3448 ἐς
853 3385 956 3459 δόμους
974 3387 1057 3443 σκιὰν
1068 3385 1249 3459 ὑπερτείνασα
1267 3390 1372 3458 σειρίου
1386 3377 1467 3443 κυνός

186 3474 287 3534 (Aesch.
301 3476 349 3539 Ag.
363 3476 412 3526 933
423 3481 484 3542 sqt:
503 3475 623 3527 italorum
644 3477 756 3541 ‘leggia'
775 3482 823 3525 cst
853 3476 902 3525 hue
920 3476 997 3526 ctiam
1015 3488 1089 3525 casae
1108 3471 1230 3524 ironicae
1248 3472 1388 3538 pertinent,
1405 3484 1467 3536 quas

186 3554 379 3607 Lacedaemonii
408 3559 514 3609 Carneis
541 3557 707 3609 exstruebant
733 3557 855 3622 (Demetr.
879 3557 965 3623 Sceps.
993 3557 1057 3622 apud
1085 3555 1176 3605 Athen.
1202 3552 1233 3605 tv
1253 3569 1276 3620 p.
1291 3552 1335 3604 141
1347 3549 1385 3614 h).
1420 3550 1466 3602 aab

185 3638 329 3689 huiusmodi
357 3647 425 3690 tectu
452 3639 557 3690 lroudeo
585 3641 665 3704 igitur
693 3648 817 3706 umquam
845 3638 942 3689 tutelae
964 3637 1081 3704 symbolo
1100 3636 1247 3687 sacerdotes
1266 3634 1389 3684 ridentur
1407 3648 1466 3699 pru·

186 3721 305 3771 cessisse.
342 3723 385 3770 scd
412 3723 476 3787 apud
506 3723 611 3788 populos
638 3721 776 3773 orientales
795 3721 938 3787 antiquitus
956 3726 983 3770 et
1001 3719 1043 3769 dei
1062 3725 1089 3769 et
1106 3731 1182 3781 reges
1200 3723 1276 3783 atque
1295 3713 1396 3766 nobiles
1413 3728 1467 3764 um·

187 3801 264 3852 hellis
290 3809 346 3852 srtc
374 3801 450 3853 lactis
476 3803 620 3854 utebantur.
658 3821 729 3870 quem
757 3818 850 3853 morem
876 3800 1022 3868 Polycratis
1047 3799 1204 3864 temporibus
1227 3796 1295 3848 Sami
1323 3795 1467 3848 insanimus

189 3885 290 3944 [Anser.
310 3878 518 3952 εἰςᾎριεμώνα
543 3887 632 3947 ν.13),
662 3886 750 3951 quinto
778 3884 880 3935 saeculo
909 3883 1018 3933 Athenis
1045 3880 1129 3944 (velut
1156 3880 1222 3945 apud
1248 3879 1414 3929 comissantes
1441 3877 1466 3926 in

188 3971 289 4015 cratere
308 3966 351 4030 qui
370 3972 409 4014 est
428 3965 504 4016 Scari
523 3965 588 4015 drlla
609 3967 715 4016 Cartana
734 3966 784 4016 tab.
799 3963 934 4029 xxxix),
957 3963 1000 4015 sed
1019 3963 1084 4027 apud
1104 3960 1218 4011 Graecos
1236 3959 1299 4024 viri,
1325 3959 1368 4024 qui
1388 3958 1468 4010 solem

188 4046 305 4095 umbellis
333 4047 461 4108 arcebant,
488 4062 587 4112 semper
605 4055 728 4113 tamquam
747 4047 885 4097 muliebres
904 4045 1088 4105 illudebantur,
1115 4044 1181 4110 apud
1200 4041 1371 4092 Athenienses
1389 4040 1466 4090 etiam

188 4128 276 4191 magis,
297 4144 369 4192 quam
387 4131 450 4193 apud
470 4127 543 4178 lonas
561 4124 719 4196 ἁβροβάτας,
739 4128 770 4178 cl.
789 4127 952 4179 Pherecratis
968 4119 1062 4178 ’ίπνὸν
1079 4120 1095 4190 ἢ
1111 4122 1274 4192 Παννυχίδα
1291 4122 1357 4189 apud
1375 4122 1468 4172 Athea.

188 4207 246 4258 Xlll
266 4212 373 4274 putta
392 4211 519 4271 thleiuele
539 4211 563 4272 2,
576 4211 644 4271 utut,
667 4209 800 4276 Eupolidis
821 4199 988 4280 Τοξιάρχοος
1005 4208 1035 4259 de
1050 4207 1226 4258 Wilamowitn
1245 4203 1380 4272 liydatheu
1400 4219 1423 4269 p.
1436 4201 1468 4254 68

189 4289 317 4352 (blaineis
336 4292 360 4354 2,
373 4292 441 4352 515).
477 4300 505 4341 ut
522 4299 605 4341 autem
625 4306 696 4357 quam
714 4291 913 4357 simplicissimis
931 4289 1046 4339 domibus
1064 4289 1144 4352 cives,
1161 4303 1233 4353 quana
1251 4283 1468 4353 splendidissimis

190 4375 230 4424 dei
248 4375 418 4426 Athenienses
441 4373 597 4433 habitabant,
625 4374 661 4423 ita
685 4373 741 4424 deis
760 4372 870 4424 umbella
889 4372 1022 4422 luxuriosa
1040 4385 1162 4421 concessa
1182 4375 1236 4431 est3
1264 4367 1329 4434 qued
1356 4364 1467 4417 lortnan

190 4455 233 4508 vel
259 4456 323 4508 satis
349 4457 461 4523 antiquis
488 4454 645 4524 temporibus
672 4451 765 4506 lactum
789 4461 837 4505 est
874 4469 921 4504 cur
938 4459 1022 4503 autea
1040 4450 1131 4503 Bacchi
1150 4449 1213 4502 ritis
1231 4449 1338 4518 expulsa
1356 4462 1406 4500 noa
1423 4446 1467 4512 sit,

189 4542 260 4594 altro
279 4555 356 4574 ·····
356 4554 370 4590 a
370 4544 412 4592 t-
