3126 5056
547 1173 1012 1260 CONOLUSIO.

238 1513 377 1593 quoniam
395 1511 618 1575 Atheniensium
642 1512 919 1594 pompasrsingulas
941 1513 1142 1586 tractavimus,
1166 1514 1237 1595 quid
1259 1534 1295 1576 ex
1317 1516 1360 1578 eis
1383 1517 1420 1579 de

138 1613 287 1693 religionis
321 1612 441 1674 historia
475 1612 638 1691 colligatur,
672 1611 832 1674 rideamus.
876 1611 954 1692 quod
985 1612 1025 1673 ita
1051 1612 1268 1675 instituendum
1298 1625 1353 1687 est,
1389 1625 1422 1678 ut

138 1712 261 1775 aliorum
279 1711 456 1772 Graecorum
480 1729 604 1792 pompae
626 1710 801 1791 principales
817 1721 1036 1792 comparentur.
1066 1712 1103 1773 ab
1119 1711 1161 1774 eis
1177 1722 1287 1784 autem,
1309 1714 1420 1794 quibus

139 1830 186 1873 res
208 1811 338 1873 laeticiae
361 1821 512 1889 umquam
536 1811 658 1872 numina
682 1810 776 1871 cultam
799 1809 993 1882 ducebantur,
1016 1810 1177 1872 ordiamur.

239 1910 317 1970 inter
337 1929 411 1988 quas
434 1928 558 1989 pompas
580 1929 631 1971 eae
652 1909 794 1979 eminent,
828 1909 936 1989 quibus
958 1927 1040 1970 arma
1063 1918 1093 1970 et
1115 1910 1170 1971 tela
1194 1909 1302 1971 divinis
1324 1912 1421 1973 hono-

139 2009 221 2070 ribus
244 2008 387 2069 celebrata
410 2009 612 2089 portabantur.
643 2017 731 2088 atque
753 2007 883 2088 primum
907 2007 1027 2088 quidem
1045 2008 1267 2070 Lacedaemonii
1291 2019 1421 2070 veterem

141 2109 301 2179 thoracem,
334 2126 394 2186 quo
421 2107 494 2167 duce
516 2107 685 2186 Amyclaeos
715 2107 784 2168 olim
809 2106 948 2181 vicerant,
983 2107 1163 2188 Hyacinthiis
1187 2127 1290 2188 magna
1314 2126 1424 2189 pompa

140 2205 275 2267 instituta
303 2205 528 2284 deducebant¹).
573 2205 677 2267 deinde
701 2205 784 2285 Argis
812 2216 929 2267 scutum
958 2206 1210 2286 antiquissimum,
1244 2208 1323 2289 quod
1352 2210 1422 2272 olim

140 2302 314 2384 Argivorum
338 2323 489 2366 summum
513 2323 625 2366 numen
648 2305 739 2366 luisse
755 2324 771 2366 e
787 2305 914 2366 cultibus
931 2306 1053 2367 dirersis
1069 2304 1245 2384 ridemus2),
1269 2309 1299 2369 in
1315 2328 1425 2390 pompa

141 2403 176 2464 ad
202 2422 281 2465 mare
303 2404 465 2466 ducebatur
487 2423 583 2484 neque
605 2404 752 2465 blinervae
774 2403 976 2471 simulacrum,
1001 2405 1058 2466 uisi
1082 2406 1176 2467 multo
1199 2419 1310 2486 postea,
1334 2409 1425 2470 simul

142 2520 209 2563 cum
243 2511 328 2565 scuto
361 2505 396 2565 ad
430 2505 578 2565 lavacrum
613 2521 728 2565 sacrum
758 2513 873 2564 vectum
902 2502 989 2582 est³).
1034 2505 1160 2585 denique
1183 2507 1423 2570 Chaeroneorum

142 2622 253 2665 numen
276 2603 435 2684 principale
458 2613 542 2664 vetus
565 2606 657 2673 hasta,
687 2619 776 2682 quam
800 2602 1029 2681 Agamemnonis
1053 2614 1203 2684 sceptrum
1227 2625 1292 2667 esse
1314 2608 1426 2687 posteri

143 2703 296 2784 putabant,
329 2703 487 2782 quotannis
514 2721 530 2763 a
558 2701 718 2763 sacerdotis
742 2719 865 2762 munere
887 2701 1018 2764 deluncti
1040 2702 1129 2764 domo
1151 2704 1186 2765 ad
1210 2704 1279 2765 novi
1301 2705 1425 2767 domum

143 2802 325 2864 sollemniter
347 2801 587 2881 deducebatur⁴).
621 2801 737 2880 qualem
762 2799 875 2862 hastam
900 2819 1012 2862 sacram
1035 2801 1144 2863 'lhebis
1166 2823 1285 2883 queque
1311 2804 1427 2885 polem-

143 2902 250 2964 archus
272 2901 482 2974 asservabant).

244 3000 329 3061 euius
363 2999 477 3079 generis
511 3017 607 3078 neque
640 3016 764 3079 pompas
797 3015 894 3077 neque
922 2997 1020 3059 cultus
1054 3000 1132 3080 apud
1156 3000 1350 3062 Athenienses
1379 3001 1427 3063 in·

143 3098 322 3176 venimus⁶).
377 3117 452 3178 quae
484 3108 583 3160 autem
621 3117 675 3178 per
708 3097 807 3158 omnia
840 3099 955 3159 saecula
988 3108 1103 3160 serrata
1136 3108 1182 3160 est
1219 3118 1266 3160 res
1304 3100 1427 3173 laeticia,

248 3276 267 3333 ¹)
285 3273 366 3324 sohol.
385 3271 456 3322 Pind.
477 3270 560 3321 lsthrn.
575 3268 620 3322 Vll
635 3270 665 3320 ts
683 3276 752 3321 teste
771 3270 922 3321 Aristotele.

245 3356 266 3416 ¹)
285 3353 317 3406 ei.
341 3356 417 3406 etiam
446 3352 638 3416 lleeatonrbaea,
664 3368 728 3418 quae
755 3351 844 3403 lunoni
872 3352 1070 3405 celebrabantur
1096 3353 1233 3416 (Hermann
1261 3351 1307 3405 Gr.
1328 3352 1429 3405 Ant.ll

146 3452 168 3503 p.
184 3436 241 3497 341,
259 3437 415 3487 Sohoemann
435 3434 480 3486 Gr.
494 3435 588 3486 Altert.
608 3433 628 3485 ll
647 3451 669 3501 p.
687 3434 760 3499 49ης
780 3435 947 3485 certaminum
965 3437 1032 3485 enirn
1052 3435 1163 3502 praemia
1180 3442 1256 3487 senta
1274 3443 1349 3486 erant
1364 3435 1429 3498 (ch

147 3519 204 3580 234,
225 3520 298 3579 1068,
319 3520 393 3580 1421,
412 3519 488 3582 2810,
505 3519 547 3578 al.,
567 3517 599 3568 cl.
618 3519 698 3568 schol.
719 3517 786 3567 l’ind.
801 3516 842 3566 ut.
858 3515 902 3567 Vll
917 3517 975 3580 152,
993 3517 1057 3567 Zeu.
1074 3515 1263 3582 Prov.V152).
1295 3526 1430 3584 praeterea

146 3600 217 3650 locus
236 3601 335 3665 quidam
352 3595 449 3655 Ἀοπίς
468 3604 491 3659 (a
511 3599 602 3659 ior-mal
620 3601 798 3666 appellabatur
816 3597 892 3658 (Plut.
912 3599 1007 3649 Cleom.
1027 3597 1117 3660 XVII).
1151 3615 1199 3666 quo
1218 3600 1243 3650 in
1262 3600 1330 3651 colle
1348 3589 1430 3655 πόλις

146 3683 257 3740 heroica,
279 3684 301 3731 si
321 3684 393 3732 ruodo
413 3683 526 3744 exstitit,
544 3683 594 3733 sita
615 3683 717 3733 videtur
736 3680 824 3732 luisse.

247 3764 270 3826 ⁸)
289 3764 386 3815 Gallim.
406 3765 456 3814 lav.
475 3765 535 3815 hliu.
557 3765 597 3813 35.
618 3757 722 3824 dedra,
741 3765 855 3832 φέρεται
873 3761 964 3815 δὲκαὶ
983 3758 1000 3812 ἁ
1019 3757 1174 3828 Διομήδεος
1191 3757 1285 3823 ἀσπίς,
1309 3759 1345 3818 ὡς
1363 3758 1431 3819 ἔθος

144 3840 269 3913 Ἀργείων
286 3847 365 3897 τοῦτο
384 3843 574 3913 παλαιότερον,
603 3847 682 3896 schol.
703 3845 733 3895 ad
753 3860 776 3895 v.
791 3849 811 3897 l.
850 3861 906 3895 num
925 3851 1024 3896 sentum
1042 3842 1185 3909 antiquitus
1204 3858 1233 3894 ea
1253 3843 1284 3892 de
1303 3858 1379 3894 unsa
1398 3845 1430 3895 ad

148 3943 216 3977 mare
236 3928 382 3991 ducebatur,
401 3928 464 3994 quod
485 3929 532 3979 illo
552 3930 614 3979 duee
632 3928 726 3993 Argivi
744 3927 805 3978 olim
824 3941 868 3994 per
882 3943 951 3977 mare
970 3927 1146 3976 advenerantl
1170 3922 1203 3975 ei.
1217 3924 1432 3976 Lacedaemonio-

149 4025 202 4059 rum
223 4011 358 4060 thoracem.

249 4093 270 4154 ⁶)
291 4093 362 4142 Paua.
381 4092 592 4159 tritum-12.
612 4092 718 4155 hastam,
738 4092 779 4142 eui
798 4092 912 4159 quotidie
931 4090 1060 4142 saeridcia
1077 4090 1179 4156 debant,
1205 4089 1377 4154 sollemniter,
1405 4089 1431 4140 id

149 4187 189 4229 est
207 4193 294 4245 pompa
314 4177 443 4238 instituta,
462 4175 618 4226 domicilium
638 4183 748 4225 mutasse
766 4175 836 4224 ultro
855 4174 1026 4238 intellegitur.

249 4259 271 4319 l>)
291 4258 356 4307 Plut.
376 4261 405 4308 de
424 4273 479 4319 gen.
499 4257 569 4308 Socr.
584 4258 606 4309 V
624 4273 646 4323 p.
663 4257 712 4308 578
724 4273 751 4307 c:
771 4257 908 4307 archontes
927 4263 1014 4306 tenent
1032 4246 1100 4321 δόρυ
1118 4261 1145 4305 et
1164 4251 1315 4322 σφραγῖδα.

250 4340 272 4402 ⁶)
292 4340 410 4406 panoplia
429 4347 454 4389 et
473 4341 668 4401 lectisternium,
696 4339 761 4405 quod
781 4340 855 4390 Aiaci
879 4339 1010 4405 parabant,
1039 4338 1088 4388 bne
1106 4352 1155 4387 οοο
1174 4337 1287 4403 pertinet
1305 4335 1432 4400 (Acantea

151 4423 254 4483 nnt.2);
284 4437 338 4471 narn
357 4423 527 4474 Athenienses
554 4430 582 4473 et
607 4423 704 4472 cultum
730 4420 912 4472 aSalaminiis
939 4425 1092 4487 receperent
1118 4432 1199 4485 nequa
1216 4433 1287 4470 arnna
1305 4425 1433 4485 tanquan

151 4519 241 4556 nunen
259 4506 340 4570 ipsum
358 4505 482 4558 colebant.
