<?xml version="1.0" encoding="UTF-8"?>
<!DOCTYPE html PUBLIC "-//W3C//DTD XHTML 1.0 Transitional//EN"
    "http://www.w3.org/TR/xhtml1/DTD/xhtml1-transitional.dtd">
<html xmlns="http://www.w3.org/1999/xhtml" xml:lang="en" lang="en">
 <head>
  <title>
</title>
<meta http-equiv="Content-Type" content="text/html;charset=utf-8" />
  <meta name='ocr-system' content='tesseract 3.04.00' />
  <meta name='ocr-capabilities' content='ocr_page ocr_carea ocr_par ocr_line ocrx_word'/>
</head>
<body>
  <div class='ocr_page' id='page_1' title='image "./deatheniensiump00pfuhgoog_0020.png"; bbox 0 0 3126 5056; ppageno 0'>
   <div class='ocr_carea' id='block_1_1' title="bbox 683 256 879 321">
    <p class='ocr_par' dir='ltr' id='par_1_1' title="bbox 683 256 879 321">
     <span class='ocr_line' id='line_1_1' title="bbox 683 256 879 321; baseline 0 -18"><span class='ocrx_word' id='word_1_1' title='bbox 683 256 879 321; x_wconf 76' lang='lat' dir='ltr'>..q-</span> 
     </span>
    </p>
   </div>
   <div class='ocr_carea' id='block_1_2' title="bbox 145 431 1424 715">
    <p class='ocr_par' dir='ltr' id='par_1_2' title="bbox 145 431 1424 715">
     <span class='ocr_line' id='line_1_2' title="bbox 245 431 1424 515; baseline 0.006 -21"><span class='ocrx_word' id='word_1_2' title='bbox 245 435 303 496; x_wconf 90' lang='lat' dir='ltr'>iam</span> <span class='ocrx_word' id='word_1_3' title='bbox 329 433 496 498; x_wconf 90' lang='lat' dir='ltr'>testimonia</span> <span class='ocrx_word' id='word_1_4' title='bbox 519 431 634 513; x_wconf 87' lang='lat' dir='ltr'>singula</span> <span class='ocrx_word' id='word_1_5' title='bbox 656 434 869 497; x_wconf 79' lang='lat' dir='ltr'><strong>examinemus.</strong></span> <span class='ocrx_word' id='word_1_6' title='bbox 907 453 982 514; x_wconf 90' lang='lat' dir='ltr'>quae</span> <span class='ocrx_word' id='word_1_7' title='bbox 1004 434 1209 515; x_wconf 89' lang='lat' dir='ltr'>antiquissima</span> <span class='ocrx_word' id='word_1_8' title='bbox 1225 445 1297 499; x_wconf 91' lang='lat' dir='ltr'>sunt</span> <span class='ocrx_word' id='word_1_9' title='bbox 1311 439 1424 501; x_wconf 79' lang='lat' dir='ltr'>Aristo-</span> 
     </span>
     <span class='ocr_line' id='line_1_3' title="bbox 145 533 1424 618; baseline 0.002 -23"><span class='ocrx_word' id='word_1_10' title='bbox 145 535 250 616; x_wconf 85' lang='lat' dir='ltr'>phanis</span> <span class='ocrx_word' id='word_1_11' title='bbox 272 535 303 595; x_wconf 94' lang='lat' dir='ltr'>in</span> <span class='ocrx_word' id='word_1_12' title='bbox 326 534 523 615; x_wconf 81' lang='lat' dir='ltr'>Equitihus²⁸)</span> <span class='ocrx_word' id='word_1_13' title='bbox 546 535 629 595; x_wconf 91' lang='lat' dir='ltr'>etin</span> <span class='ocrx_word' id='word_1_14' title='bbox 652 533 813 612; x_wconf 78' lang='lat' dir='ltr'>hsihus¹⁹)‚</span> <span class='ocrx_word' id='word_1_15' title='bbox 837 533 985 614; x_wconf 84' lang='lat' dir='ltr'>Euripidis</span> <span class='ocrx_word' id='word_1_16' title='bbox 1008 534 1039 595; x_wconf 93' lang='lat' dir='ltr'>in</span> <span class='ocrx_word' id='word_1_17' title='bbox 1062 534 1222 611; x_wconf 82' lang='lat' dir='ltr'>Hecuha³⁰)</span> <span class='ocrx_word' id='word_1_18' title='bbox 1246 545 1276 597; x_wconf 88' lang='lat' dir='ltr'>et</span> <span class='ocrx_word' id='word_1_19' title='bbox 1296 537 1327 597; x_wconf 93' lang='lat' dir='ltr'>in</span> <span class='ocrx_word' id='word_1_20' title='bbox 1343 538 1424 618; x_wconf 93' lang='lat' dir='ltr'>lphi-</span> 
     </span>
     <span class='ocr_line' id='line_1_4' title="bbox 148 629 1423 715; baseline 0.005 -22"><span class='ocrx_word' id='word_1_21' title='bbox 148 633 232 713; x_wconf 91' lang='lat' dir='ltr'>genia</span> <span class='ocrx_word' id='word_1_22' title='bbox 256 629 434 712; x_wconf 82' lang='lat' dir='ltr'>Taurica³¹)‚</span> <span class='ocrx_word' id='word_1_23' title='bbox 468 651 556 711; x_wconf 92' lang='lat' dir='ltr'>quam</span> <span class='ocrx_word' id='word_1_24' title='bbox 591 633 687 710; x_wconf 85' lang='lat' dir='ltr'>gravis</span> <span class='ocrx_word' id='word_1_25' title='bbox 720 651 867 712; x_wconf 88' lang='lat' dir='ltr'>quamque</span> <span class='ocrx_word' id='word_1_26' title='bbox 900 641 990 695; x_wconf 92' lang='lat' dir='ltr'>notus</span> <span class='ocrx_word' id='word_1_27' title='bbox 1012 634 1117 715; x_wconf 92' lang='lat' dir='ltr'>peplus</span> <span class='ocrx_word' id='word_1_28' title='bbox 1139 635 1187 696; x_wconf 91' lang='lat' dir='ltr'>illa</span> <span class='ocrx_word' id='word_1_29' title='bbox 1209 643 1304 698; x_wconf 89' lang='lat' dir='ltr'>aetate</span> <span class='ocrx_word' id='word_1_30' title='bbox 1325 637 1423 711; x_wconf 84' lang='lat' dir='ltr'>luerit,</span> 
     </span>
    </p>
   </div>
   <div class='ocr_carea' id='block_1_3' title="bbox 142 731 1425 2000">
    <p class='ocr_par' dir='ltr' id='par_1_3' title="bbox 143 731 1425 1606">
     <span class='ocr_line' id='line_1_5' title="bbox 145 731 1424 814; baseline 0.004 -21"><span class='ocrx_word' id='word_1_31' title='bbox 145 734 366 795; x_wconf 86' lang='lat' dir='ltr'>demonstrant:</span> <span class='ocrx_word' id='word_1_32' title='bbox 390 750 458 793; x_wconf 91' lang='lat' dir='ltr'>nam</span> <span class='ocrx_word' id='word_1_33' title='bbox 482 731 591 794; x_wconf 86' lang='lat' dir='ltr'>ubido</span> <span class='ocrx_word' id='word_1_34' title='bbox 614 732 666 793; x_wconf 88' lang='lat' dir='ltr'>dea</span> <span class='ocrx_word' id='word_1_35' title='bbox 688 731 752 812; x_wconf 90' lang='lat' dir='ltr'>ipsa</span> <span class='ocrx_word' id='word_1_36' title='bbox 774 731 879 810; x_wconf 90' lang='lat' dir='ltr'>agitur,</span> <span class='ocrx_word' id='word_1_37' title='bbox 903 731 1004 793; x_wconf 88' lang='lat' dir='ltr'>statim</span> <span class='ocrx_word' id='word_1_38' title='bbox 1028 733 1106 814; x_wconf 88' lang='lat' dir='ltr'>pepli</span> <span class='ocrx_word' id='word_1_39' title='bbox 1123 733 1234 796; x_wconf 90' lang='lat' dir='ltr'>mentio</span> <span class='ocrx_word' id='word_1_40' title='bbox 1250 735 1293 796; x_wconf 84' lang='lat' dir='ltr'>ut.</span> <span class='ocrx_word' id='word_1_41' title='bbox 1317 735 1424 798; x_wconf 90' lang='lat' dir='ltr'>deinde</span> 
     </span>
     <span class='ocr_line' id='line_1_6' title="bbox 144 831 1424 914; baseline 0.004 -22"><span class='ocrx_word' id='word_1_42' title='bbox 144 832 202 893; x_wconf 87' lang='lat' dir='ltr'>duo</span> <span class='ocrx_word' id='word_1_43' title='bbox 225 831 463 893; x_wconf 81' lang='lat' dir='ltr'>testimoniorum</span> <span class='ocrx_word' id='word_1_44' title='bbox 487 848 592 910; x_wconf 88' lang='lat' dir='ltr'>genera</span> <span class='ocrx_word' id='word_1_45' title='bbox 615 838 722 893; x_wconf 89' lang='lat' dir='ltr'>sunta</span> <span class='ocrx_word' id='word_1_46' title='bbox 745 840 850 911; x_wconf 90' lang='lat' dir='ltr'>quarto</span> <span class='ocrx_word' id='word_1_47' title='bbox 872 850 898 892; x_wconf 91' lang='lat' dir='ltr'>a.</span> <span class='ocrx_word' id='word_1_48' title='bbox 914 831 981 894; x_wconf 84' lang='lat' dir='ltr'>Chr.</span> <span class='ocrx_word' id='word_1_49' title='bbox 998 850 1028 893; x_wconf 96' lang='lat' dir='ltr'>n.</span> <span class='ocrx_word' id='word_1_50' title='bbox 1049 833 1166 894; x_wconf 89' lang='lat' dir='ltr'>saeculo</span> <span class='ocrx_word' id='word_1_51' title='bbox 1188 853 1283 914; x_wconf 90' lang='lat' dir='ltr'>usque</span> <span class='ocrx_word' id='word_1_52' title='bbox 1305 835 1341 897; x_wconf 88' lang='lat' dir='ltr'>ad</span> <span class='ocrx_word' id='word_1_53' title='bbox 1363 844 1424 897; x_wconf 91' lang='lat' dir='ltr'>ter-</span> 
     </span>
     <span class='ocr_line' id='line_1_7' title="bbox 144 929 1425 1014; baseline 0.005 -24"><span class='ocrx_word' id='word_1_54' title='bbox 144 932 217 991; x_wconf 90' lang='lat' dir='ltr'>tium</span> <span class='ocrx_word' id='word_1_55' title='bbox 241 950 270 1011; x_wconf 90' lang='lat' dir='ltr'>p.</span> <span class='ocrx_word' id='word_1_56' title='bbox 286 930 354 991; x_wconf 86' lang='lat' dir='ltr'>Chr.</span> <span class='ocrx_word' id='word_1_57' title='bbox 371 948 410 1004; x_wconf 89' lang='lat' dir='ltr'>n.‚</span> <span class='ocrx_word' id='word_1_58' title='bbox 444 947 572 1008; x_wconf 92' lang='lat' dir='ltr'>quorum</span> <span class='ocrx_word' id='word_1_59' title='bbox 607 930 677 991; x_wconf 87' lang='lat' dir='ltr'>haee</span> <span class='ocrx_word' id='word_1_60' title='bbox 711 930 830 1010; x_wconf 81' lang='lat' dir='ltr'>peplum</span> <span class='ocrx_word' id='word_1_61' title='bbox 866 929 979 1009; x_wconf 92' lang='lat' dir='ltr'>magnis</span> <span class='ocrx_word' id='word_1_62' title='bbox 1015 929 1239 1004; x_wconf 88' lang='lat' dir='ltr'>Panathenaeis‚</span> <span class='ocrx_word' id='word_1_63' title='bbox 1272 933 1321 995; x_wconf 93' lang='lat' dir='ltr'>illa</span> <span class='ocrx_word' id='word_1_64' title='bbox 1348 953 1425 1014; x_wconf 91' lang='lat' dir='ltr'>quo-</span> 
     </span>
     <span class='ocr_line' id='line_1_8' title="bbox 144 1028 1424 1112; baseline 0.002 -22"><span class='ocrx_word' id='word_1_65' title='bbox 144 1029 241 1091; x_wconf 82' lang='lat' dir='ltr'>tannis</span> <span class='ocrx_word' id='word_1_66' title='bbox 275 1029 405 1090; x_wconf 92' lang='lat' dir='ltr'>oblatum</span> <span class='ocrx_word' id='word_1_67' title='bbox 430 1047 495 1090; x_wconf 89' lang='lat' dir='ltr'>esse</span> <span class='ocrx_word' id='word_1_68' title='bbox 528 1029 686 1091; x_wconf 84' lang='lat' dir='ltr'>affirmant.</span> <span class='ocrx_word' id='word_1_69' title='bbox 731 1047 837 1109; x_wconf 92' lang='lat' dir='ltr'>magna</span> <span class='ocrx_word' id='word_1_70' title='bbox 859 1037 959 1090; x_wconf 91' lang='lat' dir='ltr'>autem</span> <span class='ocrx_word' id='word_1_71' title='bbox 987 1028 1191 1092; x_wconf 76' lang='lat' dir='ltr'>Panathenaea</span> <span class='ocrx_word' id='word_1_72' title='bbox 1212 1030 1295 1093; x_wconf 90' lang='lat' dir='ltr'>Plato</span> <span class='ocrx_word' id='word_1_73' title='bbox 1327 1032 1424 1112; x_wconf 94' lang='lat' dir='ltr'>philo·</span> 
     </span>
     <span class='ocr_line' id='line_1_9' title="bbox 143 1126 1420 1212; baseline 0.002 -22"><span class='ocrx_word' id='word_1_74' title='bbox 143 1127 300 1209; x_wconf 76' lang='lat' dir='ltr'>sophus³¹)</span> <span class='ocrx_word' id='word_1_75' title='bbox 322 1127 455 1189; x_wconf 88' lang='lat' dir='ltr'>Philemo</span> <span class='ocrx_word' id='word_1_76' title='bbox 488 1126 662 1204; x_wconf 77' lang='lat' dir='ltr'>comicus⁸⁸)</span> <span class='ocrx_word' id='word_1_77' title='bbox 695 1127 720 1189; x_wconf 92' lang='lat' dir='ltr'>is</span> <span class='ocrx_word' id='word_1_78' title='bbox 743 1127 795 1208; x_wconf 96' lang='lat' dir='ltr'>qui</span> <span class='ocrx_word' id='word_1_79' title='bbox 817 1127 908 1189; x_wconf 84' lang='lat' dir='ltr'>Cirim</span> <span class='ocrx_word' id='word_1_80' title='bbox 931 1127 1143 1208; x_wconf 81' lang='lat' dir='ltr'>composuit³⁴)</span> <span class='ocrx_word' id='word_1_81' title='bbox 1166 1129 1420 1212; x_wconf 76' lang='lat' dir='ltr'>Aristophanis⁸⁶)</span> 
     </span>
     <span class='ocr_line' id='line_1_10' title="bbox 144 1226 1423 1309; baseline 0.003 -21"><span class='ocrx_word' id='word_1_82' title='bbox 144 1237 173 1289; x_wconf 90' lang='lat' dir='ltr'>et</span> <span class='ocrx_word' id='word_1_83' title='bbox 197 1227 343 1309; x_wconf 85' lang='lat' dir='ltr'>Euripidis</span> <span class='ocrx_word' id='word_1_84' title='bbox 353 1226 392 1303; x_wconf 81' lang='lat'>⁸⁶)</span> <span class='ocrx_word' id='word_1_85' title='bbox 416 1227 589 1289; x_wconf 80' lang='lat' dir='ltr'>scholiastae</span> <span class='ocrx_word' id='word_1_86' title='bbox 611 1235 724 1289; x_wconf 82' lang='lat' dir='ltr'>veteres</span> <span class='ocrx_word' id='word_1_87' title='bbox 747 1226 985 1308; x_wconf 80' lang='lat' dir='ltr'>Harpocratio⁸⁷)</span> <span class='ocrx_word' id='word_1_88' title='bbox 1009 1227 1183 1290; x_wconf 88' lang='lat' dir='ltr'>Heliodorus</span> <span class='ocrx_word' id='word_1_89' title='bbox 1192 1227 1231 1308; x_wconf 67' lang='grc'>88)</span> <span class='ocrx_word' id='word_1_90' title='bbox 1267 1237 1423 1292; x_wconf 84' lang='lat' dir='ltr'>testantur.</span> 
     </span>
     <span class='ocr_line' id='line_1_11' title="bbox 144 1326 1424 1408; baseline 0.003 -21"><span class='ocrx_word' id='word_1_91' title='bbox 144 1335 245 1388; x_wconf 88' lang='lat' dir='ltr'>contra</span> <span class='ocrx_word' id='word_1_92' title='bbox 280 1327 395 1389; x_wconf 91' lang='lat' dir='ltr'>saeculo</span> <span class='ocrx_word' id='word_1_93' title='bbox 428 1335 533 1406; x_wconf 90' lang='lat' dir='ltr'>quarto</span> <span class='ocrx_word' id='word_1_94' title='bbox 566 1334 692 1388; x_wconf 80' lang='lat' dir='ltr'>exeunte</span> <span class='ocrx_word' id='word_1_95' title='bbox 725 1326 844 1408; x_wconf 88' lang='lat' dir='ltr'>peplum</span> <span class='ocrx_word' id='word_1_96' title='bbox 879 1344 1011 1388; x_wconf 90' lang='lat' dir='ltr'>annuum</span> <span class='ocrx_word' id='word_1_97' title='bbox 1039 1326 1130 1389; x_wconf 85' lang='lat' dir='ltr'>luisse</span> <span class='ocrx_word' id='word_1_98' title='bbox 1153 1346 1169 1388; x_wconf 91' lang='lat' dir='ltr'>e</span> <span class='ocrx_word' id='word_1_99' title='bbox 1192 1327 1345 1389; x_wconf 87' lang='lat' dir='ltr'>Stratoclis</span> <span class='ocrx_word' id='word_1_100' title='bbox 1371 1328 1424 1391; x_wconf 91' lang='lat' dir='ltr'>de-</span> 
     </span>
     <span class='ocr_line' id='line_1_12' title="bbox 143 1424 1425 1506; baseline 0.002 -20"><span class='ocrx_word' id='word_1_101' title='bbox 143 1425 265 1500; x_wconf 65' lang='grc'>66611631)</span> <span class='ocrx_word' id='word_1_102' title='bbox 293 1424 459 1504; x_wconf 80' lang='lat' dir='ltr'>colligimus</span> <span class='ocrx_word' id='word_1_103' title='bbox 488 1433 518 1487; x_wconf 91' lang='lat' dir='ltr'>et</span> <span class='ocrx_word' id='word_1_104' title='bbox 543 1425 622 1487; x_wconf 89' lang='lat' dir='ltr'>idem</span> <span class='ocrx_word' id='word_1_105' title='bbox 650 1425 726 1488; x_wconf 90' lang='lat' dir='ltr'>alius</span> <span class='ocrx_word' id='word_1_106' title='bbox 747 1424 954 1506; x_wconf 77' lang='lat' dir='ltr'>Aristophanis</span> <span class='ocrx_word' id='word_1_107' title='bbox 977 1425 1132 1488; x_wconf 83' lang='lat' dir='ltr'>scholiasta</span> <span class='ocrx_word' id='word_1_108' title='bbox 1156 1425 1195 1487; x_wconf 92' lang='lat' dir='ltr'>ita</span> <span class='ocrx_word' id='word_1_109' title='bbox 1218 1426 1357 1500; x_wconf 86' lang='lat' dir='ltr'>affirmat,</span> <span class='ocrx_word' id='word_1_110' title='bbox 1391 1435 1425 1489; x_wconf 92' lang='lat' dir='ltr'>ut</span> 
     </span>
     <span class='ocr_line' id='line_1_13' title="bbox 144 1523 1271 1606; baseline 0.001 -21"><span class='ocrx_word' id='word_1_111' title='bbox 144 1543 210 1586; x_wconf 90' lang='lat' dir='ltr'>eum</span> <span class='ocrx_word' id='word_1_112' title='bbox 236 1525 354 1606; x_wconf 91' lang='lat' dir='ltr'>peplum</span> <span class='ocrx_word' id='word_1_113' title='bbox 379 1543 497 1605; x_wconf 88' lang='lat' dir='ltr'>semper</span> <span class='ocrx_word' id='word_1_114' title='bbox 518 1523 677 1605; x_wconf 91' lang='lat' dir='ltr'>quotannis</span> <span class='ocrx_word' id='word_1_115' title='bbox 700 1525 821 1586; x_wconf 89' lang='lat' dir='ltr'>ductum</span> <span class='ocrx_word' id='word_1_116' title='bbox 845 1543 909 1586; x_wconf 90' lang='lat' dir='ltr'>esse</span> <span class='ocrx_word' id='word_1_117' title='bbox 931 1525 1081 1605; x_wconf 88' lang='lat' dir='ltr'>putavisse</span> <span class='ocrx_word' id='word_1_118' title='bbox 1103 1525 1271 1604; x_wconf 87' lang='lat' dir='ltr'>eluceat⁴⁰).</span> 
     </span>
    </p>

    <p class='ocr_par' dir='ltr' id='par_1_4' title="bbox 142 1623 1424 2000">
     <span class='ocr_line' id='line_1_14' title="bbox 243 1623 1422 1704; baseline 0.001 -19"><span class='ocrx_word' id='word_1_119' title='bbox 243 1623 322 1703; x_wconf 93' lang='lat' dir='ltr'>quod</span> <span class='ocrx_word' id='word_1_120' title='bbox 355 1624 505 1703; x_wconf 89' lang='lat' dir='ltr'>quomodo</span> <span class='ocrx_word' id='word_1_121' title='bbox 538 1623 760 1685; x_wconf 89' lang='lat' dir='ltr'>diiudicandum</span> <span class='ocrx_word' id='word_1_122' title='bbox 795 1623 833 1685; x_wconf 89' lang='lat' dir='ltr'>sit</span> <span class='ocrx_word' id='word_1_123' title='bbox 866 1623 1028 1685; x_wconf 78' lang='lat' dir='ltr'>videamus.</span> <span class='ocrx_word' id='word_1_124' title='bbox 1073 1642 1107 1685; x_wconf 90' lang='lat' dir='ltr'>ac</span> <span class='ocrx_word' id='word_1_125' title='bbox 1139 1624 1268 1704; x_wconf 88' lang='lat' dir='ltr'>primum</span> <span class='ocrx_word' id='word_1_126' title='bbox 1303 1623 1422 1704; x_wconf 91' lang='lat' dir='ltr'>quidem</span> 
     </span>
     <span class='ocr_line' id='line_1_15' title="bbox 142 1721 1424 1803; baseline 0.002 -20"><span class='ocrx_word' id='word_1_127' title='bbox 142 1722 261 1803; x_wconf 88' lang='lat' dir='ltr'>peplum</span> <span class='ocrx_word' id='word_1_128' title='bbox 285 1723 441 1802; x_wconf 92' lang='lat' dir='ltr'>aliquando</span> <span class='ocrx_word' id='word_1_129' title='bbox 463 1723 622 1803; x_wconf 89' lang='lat' dir='ltr'>quotannis</span> <span class='ocrx_word' id='word_1_130' title='bbox 645 1722 775 1784; x_wconf 91' lang='lat' dir='ltr'>oblatum</span> <span class='ocrx_word' id='word_1_131' title='bbox 799 1740 864 1783; x_wconf 90' lang='lat' dir='ltr'>esse</span> <span class='ocrx_word' id='word_1_132' title='bbox 887 1722 1038 1784; x_wconf 89' lang='lat' dir='ltr'>latendum</span> <span class='ocrx_word' id='word_1_133' title='bbox 1063 1731 1116 1797; x_wconf 83' lang='lat' dir='ltr'>est,</span> <span class='ocrx_word' id='word_1_134' title='bbox 1140 1722 1208 1802; x_wconf 91' lang='lat' dir='ltr'>quia</span> <span class='ocrx_word' id='word_1_135' title='bbox 1231 1721 1347 1785; x_wconf 88' lang='lat' dir='ltr'>duobus</span> <span class='ocrx_word' id='word_1_136' title='bbox 1363 1731 1424 1785; x_wconf 88' lang='lat' dir='ltr'>tes·</span> 
     </span>
     <span class='ocr_line' id='line_1_16' title="bbox 145 1821 1422 1900; baseline -0.001 -16"><span class='ocrx_word' id='word_1_137' title='bbox 145 1822 275 1884; x_wconf 89' lang='lat' dir='ltr'>timoniis</span> <span class='ocrx_word' id='word_1_138' title='bbox 299 1822 434 1884; x_wconf 88' lang='lat' dir='ltr'>discretis</span> <span class='ocrx_word' id='word_1_139' title='bbox 455 1821 534 1883; x_wconf 91' lang='lat' dir='ltr'>inter</span> <span class='ocrx_word' id='word_1_140' title='bbox 556 1841 587 1883; x_wconf 89' lang='lat' dir='ltr'>se</span> <span class='ocrx_word' id='word_1_141' title='bbox 610 1824 746 1882; x_wconf 81' lang='lat' dir='ltr'>retertur.</span> <span class='ocrx_word' id='word_1_142' title='bbox 787 1839 875 1900; x_wconf 90' lang='lat' dir='ltr'>quem</span> <span class='ocrx_word' id='word_1_143' title='bbox 900 1839 1012 1882; x_wconf 90' lang='lat' dir='ltr'>morem</span> <span class='ocrx_word' id='word_1_144' title='bbox 1036 1821 1171 1883; x_wconf 81' lang='lat' dir='ltr'>velante</span> <span class='ocrx_word' id='word_1_145' title='bbox 1195 1821 1348 1883; x_wconf 82' lang='lat' dir='ltr'>Stratoclia</span> <span class='ocrx_word' id='word_1_146' title='bbox 1370 1821 1422 1883; x_wconf 90' lang='lat' dir='ltr'>de-</span> 
     </span>
     <span class='ocr_line' id='line_1_17' title="bbox 142 1917 1424 2000; baseline 0.001 -19"><span class='ocrx_word' id='word_1_147' title='bbox 142 1930 266 1993; x_wconf 87' lang='lat' dir='ltr'>cretum,</span> <span class='ocrx_word' id='word_1_148' title='bbox 282 1921 361 2000; x_wconf 90' lang='lat' dir='ltr'>quod</span> <span class='ocrx_word' id='word_1_149' title='bbox 377 1920 523 1982; x_wconf 86' lang='lat' dir='ltr'>Diodorus</span> <span class='ocrx_word' id='word_1_150' title='bbox 545 1920 671 1982; x_wconf 88' lang='lat' dir='ltr'>servarit</span> <span class='ocrx_word' id='word_1_151' title='bbox 687 1923 724 1994; x_wconf 85' lang='lat' dir='ltr'>(a.</span> <span class='ocrx_word' id='word_1_152' title='bbox 745 1918 816 1981; x_wconf 83' lang='lat'>307.</span> <span class='ocrx_word' id='word_1_153' title='bbox 833 1938 859 1980; x_wconf 95' lang='lat' dir='ltr'>a.</span> <span class='ocrx_word' id='word_1_154' title='bbox 876 1919 944 1981; x_wconf 84' lang='lat' dir='ltr'>Chr.</span> <span class='ocrx_word' id='word_1_155' title='bbox 960 1917 1004 1996; x_wconf 90' lang='lat' dir='ltr'>n.)</span> <span class='ocrx_word' id='word_1_156' title='bbox 1013 1917 1058 1995; x_wconf 86' lang='lat'><strong>⁴¹),</strong></span> <span class='ocrx_word' id='word_1_157' title='bbox 1074 1919 1221 1981; x_wconf 82' lang='lat' dir='ltr'>exstitisse</span> <span class='ocrx_word' id='word_1_158' title='bbox 1237 1938 1270 1981; x_wconf 93' lang='lat' dir='ltr'>ea</span> <span class='ocrx_word' id='word_1_159' title='bbox 1286 1920 1321 1981; x_wconf 90' lang='lat' dir='ltr'>de</span> <span class='ocrx_word' id='word_1_160' title='bbox 1336 1939 1424 1983; x_wconf 92' lang='lat' dir='ltr'>causa</span> 
     </span>
    </p>
   </div>
   <div class='ocr_carea' id='block_1_4' title="bbox 139 2092 1422 3795">
    <p class='ocr_par' dir='ltr' id='par_1_5' title="bbox 142 2092 1422 2494">
     <span class='ocr_line' id='line_1_18' title="bbox 143 2092 1422 2162; baseline 0.002 -18"><span class='ocrx_word' id='word_1_161' title='bbox 143 2096 216 2161; x_wconf 88' lang='lat' dir='ltr'>peplo</span> <span class='ocrx_word' id='word_1_162' title='bbox 235 2096 345 2146; x_wconf 86' lang='lat' dir='ltr'>texendo</span> <span class='ocrx_word' id='word_1_163' title='bbox 365 2102 502 2161; x_wconf 84' lang='lat' dir='ltr'>occupatae</span> <span class='ocrx_word' id='word_1_164' title='bbox 520 2100 595 2145; x_wconf 88' lang='lat' dir='ltr'>erant</span> <span class='ocrx_word' id='word_1_165' title='bbox 612 2095 648 2155; x_wconf 87' lang='lat' dir='ltr'>(v.</span> <span class='ocrx_word' id='word_1_166' title='bbox 662 2093 679 2144; x_wconf 91' lang='lat' dir='ltr'>i.</span> <span class='ocrx_word' id='word_1_167' title='bbox 697 2109 721 2161; x_wconf 89' lang='lat' dir='ltr'>p.</span> <span class='ocrx_word' id='word_1_168' title='bbox 735 2092 788 2158; x_wconf 81' lang='lat' dir='ltr'>tt),</span> <span class='ocrx_word' id='word_1_169' title='bbox 816 2095 899 2145; x_wconf 84' lang='lat' dir='ltr'>vestis</span> <span class='ocrx_word' id='word_1_170' title='bbox 924 2093 1120 2158; x_wconf 75' lang='lat' dir='ltr'>magnitudinem</span> <span class='ocrx_word' id='word_1_171' title='bbox 1139 2094 1246 2145; x_wconf 88' lang='lat' dir='ltr'>delinire</span> <span class='ocrx_word' id='word_1_172' title='bbox 1264 2109 1313 2144; x_wconf 91' lang='lat' dir='ltr'>non</span> <span class='ocrx_word' id='word_1_173' title='bbox 1333 2111 1422 2162; x_wconf 88' lang='lat' dir='ltr'>possu-</span> 
     </span>
     <span class='ocr_line' id='line_1_19' title="bbox 143 2173 1422 2242; baseline 0.002 -17"><span class='ocrx_word' id='word_1_174' title='bbox 143 2191 211 2227; x_wconf 85' lang='lat' dir='ltr'>mus:</span> <span class='ocrx_word' id='word_1_175' title='bbox 231 2192 286 2226; x_wconf 88' lang='lat' dir='ltr'>nam</span> <span class='ocrx_word' id='word_1_176' title='bbox 301 2176 415 2238; x_wconf 84' lang='lat' dir='ltr'>honoris,</span> <span class='ocrx_word' id='word_1_177' title='bbox 433 2192 482 2226; x_wconf 90' lang='lat' dir='ltr'>uon</span> <span class='ocrx_word' id='word_1_178' title='bbox 501 2176 599 2226; x_wconf 91' lang='lat' dir='ltr'>lahoris</span> <span class='ocrx_word' id='word_1_179' title='bbox 618 2190 696 2226; x_wconf 88' lang='lat' dir='ltr'>causa</span> <span class='ocrx_word' id='word_1_180' title='bbox 713 2176 828 2237; x_wconf 85' lang='lat' dir='ltr'>virgines</span> <span class='ocrx_word' id='word_1_181' title='bbox 847 2175 945 2226; x_wconf 89' lang='lat' dir='ltr'>nobiles</span> <span class='ocrx_word' id='word_1_182' title='bbox 963 2176 1011 2226; x_wconf 89' lang='lat' dir='ltr'>hoc</span> <span class='ocrx_word' id='word_1_183' title='bbox 1029 2189 1132 2225; x_wconf 88' lang='lat' dir='ltr'>munere</span> <span class='ocrx_word' id='word_1_184' title='bbox 1145 2173 1328 2238; x_wconf 80' lang='lat' dir='ltr'>iungebantur3</span> <span class='ocrx_word' id='word_1_185' title='bbox 1347 2184 1422 2242; x_wconf 88' lang='lat' dir='ltr'>atque</span> 
     </span>
     <span class='ocr_line' id='line_1_20' title="bbox 142 2257 1422 2325; baseline 0.001 -18"><span class='ocrx_word' id='word_1_186' title='bbox 142 2258 174 2307; x_wconf 91' lang='lat' dir='ltr'>ad</span> <span class='ocrx_word' id='word_1_187' title='bbox 192 2257 320 2309; x_wconf 81' lang='grc'>1161616111</span> <span class='ocrx_word' id='word_1_188' title='bbox 338 2258 437 2325; x_wconf 87' lang='lat' dir='ltr'>peplum</span> <span class='ocrx_word' id='word_1_189' title='bbox 457 2257 604 2308; x_wconf 89' lang='lat' dir='ltr'>immensum</span> <span class='ocrx_word' id='word_1_190' title='bbox 622 2257 771 2324; x_wconf 88' lang='lat' dir='ltr'>portandum</span> <span class='ocrx_word' id='word_1_191' title='bbox 799 2272 830 2307; x_wconf 92' lang='grc'>66</span> <span class='ocrx_word' id='word_1_192' title='bbox 858 2260 912 2323; x_wconf 90' lang='lat' dir='ltr'>ipsa</span> <span class='ocrx_word' id='word_1_193' title='bbox 933 2257 1038 2307; x_wconf 89' lang='lat' dir='ltr'>Paralus</span> <span class='ocrx_word' id='word_1_194' title='bbox 1057 2258 1156 2323; x_wconf 85' lang='lat' dir='ltr'>quidam</span> <span class='ocrx_word' id='word_1_195' title='bbox 1175 2264 1220 2307; x_wconf 88' lang='lat' dir='ltr'>aut</span> <span class='ocrx_word' id='word_1_196' title='bbox 1237 2258 1377 2308; x_wconf 84' lang='lat' dir='ltr'>Salaminia</span> <span class='ocrx_word' id='word_1_197' title='bbox 1395 2259 1422 2308; x_wconf 91' lang='lat' dir='ltr'>in</span> 
     </span>
     <span class='ocr_line' id='line_1_21' title="bbox 142 2337 1422 2406; baseline 0.001 -17"><span class='ocrx_word' id='word_1_198' title='bbox 142 2355 220 2389; x_wconf 90' lang='lat' dir='ltr'>curru</span> <span class='ocrx_word' id='word_1_199' title='bbox 246 2339 331 2406; x_wconf 84' lang='lat' dir='ltr'>posita</span> <span class='ocrx_word' id='word_1_200' title='bbox 350 2338 501 2390; x_wconf 86' lang='grc'>66116616661.</span> <span class='ocrx_word' id='word_1_201' title='bbox 546 2345 681 2404; x_wconf 84' lang='lat' dir='ltr'>praeterea</span> <span class='ocrx_word' id='word_1_202' title='bbox 707 2339 771 2404; x_wconf 90' lang='lat' dir='ltr'>quod</span> <span class='ocrx_word' id='word_1_203' title='bbox 792 2337 938 2389; x_wconf 87' lang='lat' dir='ltr'>llsiehelius</span> <span class='ocrx_word' id='word_1_204' title='bbox 957 2353 995 2403; x_wconf 90' lang='lat' dir='ltr'>ea,</span> <span class='ocrx_word' id='word_1_205' title='bbox 1016 2354 1079 2404; x_wconf 90' lang='lat' dir='ltr'>quae</span> <span class='ocrx_word' id='word_1_206' title='bbox 1098 2338 1263 2390; x_wconf 86' lang='lat' dir='ltr'>Benndorlins</span> <span class='ocrx_word' id='word_1_207' title='bbox 1280 2339 1327 2390; x_wconf 88' lang='lat' dir='ltr'>hac</span> <span class='ocrx_word' id='word_1_208' title='bbox 1344 2340 1376 2390; x_wconf 94' lang='lat' dir='ltr'>de</span> <span class='ocrx_word' id='word_1_209' title='bbox 1394 2353 1422 2390; x_wconf 90' lang='lat' dir='ltr'>re</span> 
     </span>
     <span class='ocr_line' id='line_1_22' title="bbox 142 2419 889 2494; baseline -0.003 -23"><span class='ocrx_word' id='word_1_210' title='bbox 142 2422 261 2487; x_wconf 82' lang='lat' dir='ltr'>esposuit</span> <span class='ocrx_word' id='word_1_211' title='bbox 279 2422 314 2480; x_wconf 84' lang='lat' dir='ltr'>(v.</span> <span class='ocrx_word' id='word_1_212' title='bbox 329 2422 347 2472; x_wconf 93' lang='lat' dir='ltr'>i.</span> <span class='ocrx_word' id='word_1_213' title='bbox 368 2427 420 2471; x_wconf 89' lang='grc'>661.</span> <span class='ocrx_word' id='word_1_214' title='bbox 434 2421 487 2484; x_wconf 82' lang='grc'>641,</span> <span class='ocrx_word' id='word_1_215' title='bbox 506 2419 676 2494; x_wconf 63' lang='grc'>6611666616</span> <span class='ocrx_word' id='word_1_216' title='bbox 694 2419 784 2484; x_wconf 88' lang='lat' dir='ltr'>tetigit</span> <span class='ocrx_word' id='word_1_217' title='bbox 802 2420 889 2470; x_wconf 89' lang='lat' dir='ltr'>miror.</span> 
     </span>
    </p>

    <p class='ocr_par' dir='ltr' id='par_1_6' title="bbox 142 2497 1421 2651">
     <span class='ocr_line' id='line_1_23' title="bbox 242 2497 1421 2566; baseline -0.003 -13"><span class='ocrx_word' id='word_1_218' title='bbox 242 2502 276 2565; x_wconf 73' lang='lat'>2²)</span> <span class='ocrx_word' id='word_1_219' title='bbox 296 2502 457 2555; x_wconf 73' lang='grc'>6166166111</span> <span class='ocrx_word' id='word_1_220' title='bbox 481 2502 564 2553; x_wconf 82' lang='lat' dir='ltr'>verbis</span> <span class='ocrx_word' id='word_1_221' title='bbox 586 2500 669 2552; x_wconf 88' lang='lat' dir='ltr'>instit.</span> <span class='ocrx_word' id='word_1_222' title='bbox 689 2499 738 2552; x_wconf 88' lang='grc'>114</span> <span class='ocrx_word' id='word_1_223' title='bbox 755 2499 799 2562; x_wconf 85' lang='grc'>(61.</span> <span class='ocrx_word' id='word_1_224' title='bbox 820 2501 940 2552; x_wconf 88' lang='lat' dir='ltr'>Petersen</span> <span class='ocrx_word' id='word_1_225' title='bbox 965 2497 1050 2551; x_wconf 83' lang='lat' dir='ltr'>liunst</span> <span class='ocrx_word' id='word_1_226' title='bbox 1073 2501 1118 2552; x_wconf 91' lang='lat' dir='ltr'>des</span> <span class='ocrx_word' id='word_1_227' title='bbox 1136 2500 1240 2552; x_wconf 78' lang='lat' dir='ltr'>Phidias</span> <span class='ocrx_word' id='word_1_228' title='bbox 1258 2516 1281 2566; x_wconf 92' lang='lat' dir='ltr'>p.</span> <span class='ocrx_word' id='word_1_229' title='bbox 1295 2501 1340 2564; x_wconf 86' lang='grc'>36)</span> <span class='ocrx_word' id='word_1_230' title='bbox 1358 2501 1421 2552; x_wconf 92' lang='lat' dir='ltr'>nihil</span> 
     </span>
     <span class='ocr_line' id='line_1_24' title="bbox 142 2583 763 2651; baseline -0.002 -18"><span class='ocrx_word' id='word_1_231' title='bbox 142 2583 231 2647; x_wconf 79' lang='lat' dir='ltr'>colligi</span> <span class='ocrx_word' id='word_1_232' title='bbox 250 2599 324 2649; x_wconf 88' lang='lat' dir='ltr'>posse</span> <span class='ocrx_word' id='word_1_233' title='bbox 343 2600 392 2635; x_wconf 90' lang='lat' dir='ltr'>non</span> <span class='ocrx_word' id='word_1_234' title='bbox 410 2592 451 2634; x_wconf 88' lang='lat' dir='ltr'>eat</span> <span class='ocrx_word' id='word_1_235' title='bbox 469 2585 532 2651; x_wconf 90' lang='lat' dir='ltr'>quod</span> <span class='ocrx_word' id='word_1_236' title='bbox 554 2584 763 2634; x_wconf 84' lang='lat' dir='ltr'>demonstremus.</span> 
     </span>
    </p>

    <p class='ocr_par' dir='ltr' id='par_1_7' title="bbox 141 2655 1419 2813">
     <span class='ocr_line' id='line_1_25' title="bbox 242 2655 1419 2733; baseline -0.003 -16"><span class='ocrx_word' id='word_1_237' title='bbox 242 2664 273 2728; x_wconf 68' lang='grc'>28)</span> <span class='ocrx_word' id='word_1_238' title='bbox 292 2683 316 2717; x_wconf 85' lang='lat' dir='ltr'>r.</span> <span class='ocrx_word' id='word_1_239' title='bbox 331 2664 379 2716; x_wconf 83' lang='grc'>566</span> <span class='ocrx_word' id='word_1_240' title='bbox 389 2681 426 2732; x_wconf 89' lang='lat' dir='ltr'>sq.</span> <span class='ocrx_word' id='word_1_241' title='bbox 444 2658 589 2733; x_wconf 75' lang='grc' dir='ltr'><strong><em>εὐλογῆσαι</em></strong></span> <span class='ocrx_word' id='word_1_242' title='bbox 601 2659 775 2732; x_wconf 76' lang='grc' dir='ltr'><strong><em>βουλόμεσθα</em></strong></span> <span class='ocrx_word' id='word_1_243' title='bbox 787 2659 849 2721; x_wconf 77' lang='grc' dir='ltr'>τοὺς</span> <span class='ocrx_word' id='word_1_244' title='bbox 861 2663 981 2733; x_wconf 75' lang='grc' dir='ltr'><em>πατέρας</em></span> <span class='ocrx_word' id='word_1_245' title='bbox 997 2659 1077 2732; x_wconf 76' lang='grc' dir='ltr'>ἡμῶν</span> <span class='ocrx_word' id='word_1_246' title='bbox 1095 2658 1135 2715; x_wconf 80' lang='grc' dir='ltr'>ὅτι</span> <span class='ocrx_word' id='word_1_247' title='bbox 1153 2657 1249 2732; x_wconf 74' lang='grc' dir='ltr'><strong><em>ἄνδρες</em></strong></span> <span class='ocrx_word' id='word_1_248' title='bbox 1265 2655 1338 2716; x_wconf 63' lang='grc' dir='ltr'>ἕσαν</span> <span class='ocrx_word' id='word_1_249' title='bbox 1355 2660 1419 2727; x_wconf 75' lang='lat' dir='ltr'>reio·</span> 
     </span>
     <span class='ocr_line' id='line_1_26' title="bbox 141 2742 647 2813; baseline 0.002 -18"><span class='ocrx_word' id='word_1_250' title='bbox 141 2743 171 2796; x_wconf 83' lang='grc'>66</span> <span class='ocrx_word' id='word_1_251' title='bbox 188 2745 233 2809; x_wconf 77' lang='grc' dir='ltr'>τῆς</span> <span class='ocrx_word' id='word_1_252' title='bbox 250 2745 299 2813; x_wconf 80' lang='grc' dir='ltr'>γῆς</span> <span class='ocrx_word' id='word_1_253' title='bbox 315 2742 388 2806; x_wconf 76' lang='grc' dir='ltr'><strong><em>ἄξιοι</em></strong></span> <span class='ocrx_word' id='word_1_254' title='bbox 404 2747 450 2799; x_wconf 81' lang='lat' dir='ltr'>secl</span> <span class='ocrx_word' id='word_1_255' title='bbox 467 2747 515 2798; x_wconf 78' lang='lat' dir='ltr'>rori</span> <span class='ocrx_word' id='word_1_256' title='bbox 532 2748 647 2799; x_wconf 79' lang='grc' dir='ltr'><strong><em>πέπλου.</em></strong></span> 
     </span>
    </p>

    <p class='ocr_par' dir='ltr' id='par_1_8' title="bbox 242 2827 555 2895">
     <span class='ocr_line' id='line_1_27' title="bbox 242 2827 555 2895; baseline -0.003 -16"><span class='ocrx_word' id='word_1_257' title='bbox 242 2827 276 2892; x_wconf 75' lang='lat'>²⁹)</span> <span class='ocrx_word' id='word_1_258' title='bbox 295 2844 320 2880; x_wconf 83' lang='lat' dir='ltr'>v.</span> <span class='ocrx_word' id='word_1_259' title='bbox 332 2828 392 2895; x_wconf 84' lang='grc'>826,</span> <span class='ocrx_word' id='word_1_260' title='bbox 410 2846 436 2880; x_wconf 87' lang='lat' dir='ltr'>v.</span> <span class='ocrx_word' id='word_1_261' title='bbox 449 2836 500 2879; x_wconf 87' lang='lat' dir='ltr'>not.</span> <span class='ocrx_word' id='word_1_262' title='bbox 514 2829 555 2880; x_wconf 83' lang='lat'>26.</span> 
     </span>
    </p>

    <p class='ocr_par' dir='ltr' id='par_1_9' title="bbox 242 2909 750 2978">
     <span class='ocr_line' id='line_1_28' title="bbox 242 2909 750 2978; baseline 0.004 -18"><span class='ocrx_word' id='word_1_263' title='bbox 242 2910 272 2970; x_wconf 78' lang='lat'>³⁰)</span> <span class='ocrx_word' id='word_1_264' title='bbox 292 2925 316 2960; x_wconf 86' lang='lat' dir='ltr'>v.</span> <span class='ocrx_word' id='word_1_265' title='bbox 330 2909 381 2960; x_wconf 89' lang='grc'>466</span> <span class='ocrx_word' id='word_1_266' title='bbox 393 2925 445 2977; x_wconf 90' lang='lat' dir='ltr'>sqq.</span> <span class='ocrx_word' id='word_1_267' title='bbox 546 2910 578 2972; x_wconf 78' lang='lat'>³¹)</span> <span class='ocrx_word' id='word_1_268' title='bbox 597 2928 622 2963; x_wconf 89' lang='lat' dir='ltr'>v.</span> <span class='ocrx_word' id='word_1_269' title='bbox 636 2909 750 2978; x_wconf 74' lang='lat' dir='ltr'>antiqq.</span> 
     </span>
    </p>

    <p class='ocr_par' dir='ltr' id='par_1_10' title="bbox 242 2990 588 3060">
     <span class='ocr_line' id='line_1_29' title="bbox 242 2990 588 3060; baseline 0.006 -18"><span class='ocrx_word' id='word_1_270' title='bbox 242 2990 276 3055; x_wconf 81' lang='lat'>⁸²)</span> <span class='ocrx_word' id='word_1_271' title='bbox 295 2990 436 3060; x_wconf 80' lang='lat' dir='ltr'>Euthyphr.</span> <span class='ocrx_word' id='word_1_272' title='bbox 449 2990 484 3043; x_wconf 87' lang='lat' dir='ltr'>vl</span> <span class='ocrx_word' id='word_1_273' title='bbox 502 3009 524 3060; x_wconf 94' lang='lat' dir='ltr'>p.</span> <span class='ocrx_word' id='word_1_274' title='bbox 538 2994 554 3044; x_wconf 96' lang='grc'>6</span> <span class='ocrx_word' id='word_1_275' title='bbox 567 3010 588 3044; x_wconf 88' lang='grc'>6.</span> 
     </span>
    </p>

    <p class='ocr_par' dir='ltr' id='par_1_11' title="bbox 241 3071 998 3142">
     <span class='ocr_line' id='line_1_30' title="bbox 241 3071 998 3142; baseline -0.001 -18"><span class='ocrx_word' id='word_1_276' title='bbox 241 3072 378 3137; x_wconf 66' lang='grc' dir='ltr'>811Ρ1661.</span> <span class='ocrx_word' id='word_1_277' title='bbox 396 3082 499 3128; x_wconf 86' lang='lat' dir='ltr'>mereat.</span> <span class='ocrx_word' id='word_1_278' title='bbox 517 3077 550 3128; x_wconf 92' lang='grc'>64</span> <span class='ocrx_word' id='word_1_279' title='bbox 562 3092 608 3142; x_wconf 88' lang='lat' dir='ltr'>sq,</span> <span class='ocrx_word' id='word_1_280' title='bbox 627 3073 658 3127; x_wconf 88' lang='lat' dir='ltr'>ei.</span> <span class='ocrx_word' id='word_1_281' title='bbox 677 3074 795 3127; x_wconf 83' lang='grc'>11616616</span> <span class='ocrx_word' id='word_1_282' title='bbox 812 3075 864 3137; x_wconf 88' lang='grc'>4,8</span> <span class='ocrx_word' id='word_1_283' title='bbox 884 3071 998 3138; x_wconf 77' lang='grc'>(11615).</span> 
     </span>
    </p>

    <p class='ocr_par' dir='ltr' id='par_1_12' title="bbox 241 3155 428 3224">
     <span class='ocr_line' id='line_1_31' title="bbox 241 3155 428 3224; baseline 0.005 -18"><span class='ocrx_word' id='word_1_284' title='bbox 241 3155 272 3219; x_wconf 75' lang='lat'>³⁴)</span> <span class='ocrx_word' id='word_1_285' title='bbox 291 3172 316 3208; x_wconf 86' lang='lat' dir='ltr'>v.</span> <span class='ocrx_word' id='word_1_286' title='bbox 330 3157 363 3207; x_wconf 82' lang='lat'>24</span> <span class='ocrx_word' id='word_1_287' title='bbox 376 3173 428 3224; x_wconf 88' lang='lat' dir='ltr'>sqq.</span> 
     </span>
    </p>

    <p class='ocr_par' dir='ltr' id='par_1_13' title="bbox 139 3235 1418 3549">
     <span class='ocr_line' id='line_1_32' title="bbox 241 3235 1418 3305; baseline -0.002 -16"><span class='ocrx_word' id='word_1_288' title='bbox 241 3236 272 3299; x_wconf 75' lang='lat'>³⁸)</span> <span class='ocrx_word' id='word_1_289' title='bbox 291 3238 370 3289; x_wconf 84' lang='lat' dir='ltr'>schol.</span> <span class='ocrx_word' id='word_1_290' title='bbox 384 3238 470 3305; x_wconf 77' lang='lat' dir='ltr'>liquit.</span> <span class='ocrx_word' id='word_1_291' title='bbox 483 3239 541 3301; x_wconf 82' lang='grc'>666,</span> <span class='ocrx_word' id='word_1_292' title='bbox 559 3236 689 3290; x_wconf 65' lang='grc'>1166418.</span> <span class='ocrx_word' id='word_1_293' title='bbox 719 3239 828 3304; x_wconf 89' lang='lat' dir='ltr'>primum</span> <span class='ocrx_word' id='word_1_294' title='bbox 845 3237 970 3288; x_wconf 87' lang='lat' dir='ltr'>scholium</span> <span class='ocrx_word' id='word_1_295' title='bbox 983 3235 1128 3304; x_wconf 82' lang='lat' dir='ltr'>Symmachi</span> <span class='ocrx_word' id='word_1_296' title='bbox 1146 3249 1203 3286; x_wconf 91' lang='lat' dir='ltr'>esse</span> <span class='ocrx_word' id='word_1_297' title='bbox 1223 3252 1262 3300; x_wconf 89' lang='lat' dir='ltr'>eo,</span> <span class='ocrx_word' id='word_1_298' title='bbox 1281 3252 1330 3303; x_wconf 92' lang='lat' dir='ltr'>quo</span> <span class='ocrx_word' id='word_1_299' title='bbox 1348 3235 1418 3302; x_wconf 91' lang='lat' dir='ltr'>pepli</span> 
     </span>
     <span class='ocr_line' id='line_1_33' title="bbox 140 3318 1417 3387; baseline -0.001 -18"><span class='ocrx_word' id='word_1_300' title='bbox 140 3326 256 3370; x_wconf 87' lang='lat' dir='ltr'>naturam</span> <span class='ocrx_word' id='word_1_301' title='bbox 274 3320 390 3371; x_wconf 88' lang='lat' dir='ltr'>declarat</span> <span class='ocrx_word' id='word_1_302' title='bbox 408 3327 435 3370; x_wconf 91' lang='grc'>61</span> <span class='ocrx_word' id='word_1_303' title='bbox 454 3321 512 3371; x_wconf 85' lang='lat' dir='ltr'>viae</span> <span class='ocrx_word' id='word_1_304' title='bbox 530 3335 619 3372; x_wconf 89' lang='lat' dir='ltr'>sacrae</span> <span class='ocrx_word' id='word_1_305' title='bbox 637 3321 708 3372; x_wconf 90' lang='lat' dir='ltr'>loeos</span> <span class='ocrx_word' id='word_1_306' title='bbox 727 3319 882 3387; x_wconf 79' lang='lat' dir='ltr'>principales</span> <span class='ocrx_word' id='word_1_307' title='bbox 901 3326 1041 3382; x_wconf 76' lang='lat' dir='ltr'>enumerat,</span> <span class='ocrx_word' id='word_1_308' title='bbox 1059 3318 1129 3368; x_wconf 86' lang='lat' dir='ltr'>claro</span> <span class='ocrx_word' id='word_1_309' title='bbox 1142 3324 1168 3367; x_wconf 88' lang='grc'>61</span> <span class='ocrx_word' id='word_1_310' title='bbox 1187 3318 1296 3385; x_wconf 80' lang='lat' dir='ltr'>simplici</span> <span class='ocrx_word' id='word_1_311' title='bbox 1315 3318 1417 3369; x_wconf 88' lang='lat' dir='ltr'>dicendi</span> 
     </span>
     <span class='ocr_line' id='line_1_34' title="bbox 139 3398 1417 3469; baseline -0.002 -18"><span class='ocrx_word' id='word_1_312' title='bbox 139 3416 232 3464; x_wconf 84' lang='lat' dir='ltr'>genere</span> <span class='ocrx_word' id='word_1_313' title='bbox 251 3401 447 3453; x_wconf 85' lang='lat' dir='ltr'>commendatur.</span> <span class='ocrx_word' id='word_1_314' title='bbox 491 3418 570 3469; x_wconf 89' lang='lat' dir='ltr'>qnare</span> <span class='ocrx_word' id='word_1_315' title='bbox 597 3402 719 3454; x_wconf 88' lang='lat' dir='ltr'>scholium</span> <span class='ocrx_word' id='word_1_316' title='bbox 746 3417 760 3452; x_wconf 95' lang='lat' dir='ltr'>e</span> <span class='ocrx_word' id='word_1_317' title='bbox 787 3401 851 3452; x_wconf 92' lang='lat' dir='ltr'>hono</span> <span class='ocrx_word' id='word_1_318' title='bbox 878 3398 949 3452; x_wconf 84' lang='lat' dir='ltr'>fonte</span> <span class='ocrx_word' id='word_1_319' title='bbox 976 3399 1081 3450; x_wconf 81' lang='lat' dir='ltr'>fluxisse</span> <span class='ocrx_word' id='word_1_320' title='bbox 1107 3399 1244 3464; x_wconf 87' lang='lat' dir='ltr'>putandum</span> <span class='ocrx_word' id='word_1_321' title='bbox 1268 3406 1316 3451; x_wconf 67' lang='lat' dir='ltr'>est.</span> <span class='ocrx_word' id='word_1_322' title='bbox 1352 3398 1417 3464; x_wconf 90' lang='lat' dir='ltr'>qnod</span> 
     </span>
     <span class='ocr_line' id='line_1_35' title="bbox 139 3483 395 3549; baseline 0.004 -17"><span class='ocrx_word' id='word_1_323' title='bbox 139 3483 232 3533; x_wconf 89' lang='lat' dir='ltr'>Suidas</span> <span class='ocrx_word' id='word_1_324' title='bbox 250 3483 395 3549; x_wconf 82' lang='lat' dir='ltr'>exscripsit.</span> 
     </span>
    </p>

    <p class='ocr_par' dir='ltr' id='par_1_14' title="bbox 241 3563 951 3631">
     <span class='ocr_line' id='line_1_36' title="bbox 241 3563 951 3631; baseline 0.001 -17"><span class='ocrx_word' id='word_1_325' title='bbox 241 3563 274 3629; x_wconf 74' lang='lat'>³⁶)</span> <span class='ocrx_word' id='word_1_326' title='bbox 292 3564 372 3614; x_wconf 89' lang='lat' dir='ltr'>schol.</span> <span class='ocrx_word' id='word_1_327' title='bbox 392 3564 451 3615; x_wconf 88' lang='grc'>1166.</span> <span class='ocrx_word' id='word_1_328' title='bbox 464 3564 514 3616; x_wconf 77' lang='lat' dir='ltr'>los</span> <span class='ocrx_word' id='word_1_329' title='bbox 532 3565 597 3631; x_wconf 91' lang='lat' dir='ltr'>quod</span> <span class='ocrx_word' id='word_1_330' title='bbox 616 3563 710 3616; x_wconf 84' lang='lat' dir='ltr'>iontem</span> <span class='ocrx_word' id='word_1_331' title='bbox 730 3565 858 3630; x_wconf 86' lang='lat' dir='ltr'>egregium</span> <span class='ocrx_word' id='word_1_332' title='bbox 876 3563 951 3631; x_wconf 68' lang='lat' dir='ltr'>sapit.</span> 
     </span>
    </p>

    <p class='ocr_par' dir='ltr' id='par_1_15' title="bbox 239 3642 1417 3712">
     <span class='ocr_line' id='line_1_37' title="bbox 239 3642 1417 3712; baseline -0.002 -16"><span class='ocrx_word' id='word_1_333' title='bbox 239 3644 272 3711; x_wconf 82' lang='lat'>⁸⁷)</span> <span class='ocrx_word' id='word_1_334' title='bbox 285 3661 305 3696; x_wconf 92' lang='lat' dir='ltr'>s.</span> <span class='ocrx_word' id='word_1_335' title='bbox 315 3663 339 3695; x_wconf 88' lang='lat' dir='ltr'>v.</span> <span class='ocrx_word' id='word_1_336' title='bbox 353 3645 466 3702; x_wconf 75' lang='grc' dir='ltr'><strong><em>πέπλος.</em></strong></span> <span class='ocrx_word' id='word_1_337' title='bbox 484 3644 595 3696; x_wconf 77' lang='lat' dir='ltr'>fortasse</span> <span class='ocrx_word' id='word_1_338' title='bbox 616 3645 694 3696; x_wconf 86' lang='lat' dir='ltr'>etiam</span> <span class='ocrx_word' id='word_1_339' title='bbox 715 3645 780 3712; x_wconf 88' lang='lat' dir='ltr'>apud</span> <span class='ocrx_word' id='word_1_340' title='bbox 792 3643 888 3696; x_wconf 84' lang='lat' dir='ltr'>Isaeum</span> <span class='ocrx_word' id='word_1_341' title='bbox 905 3659 994 3708; x_wconf 87' lang='lat' dir='ltr'>magna</span> <span class='ocrx_word' id='word_1_342' title='bbox 1007 3642 1183 3696; x_wconf 85' lang='lat' dir='ltr'>Panathenaea</span> <span class='ocrx_word' id='word_1_343' title='bbox 1195 3643 1322 3695; x_wconf 84' lang='lat' dir='ltr'>nominata</span> <span class='ocrx_word' id='word_1_344' title='bbox 1335 3650 1417 3694; x_wconf 89' lang='lat' dir='ltr'>erant.</span> 
     </span>
    </p>

    <p class='ocr_par' dir='ltr' id='par_1_16' title="bbox 240 3724 1418 3795">
     <span class='ocr_line' id='line_1_38' title="bbox 240 3724 1418 3795; baseline -0.003 -18"><span class='ocrx_word' id='word_1_345' title='bbox 240 3727 273 3791; x_wconf 76' lang='lat'>³⁸)</span> <span class='ocrx_word' id='word_1_346' title='bbox 292 3726 407 3794; x_wconf 78' lang='lat' dir='ltr'>Aethiop.</span> <span class='ocrx_word' id='word_1_347' title='bbox 427 3727 490 3779; x_wconf 86' lang='grc'>1111.</span> <span class='ocrx_word' id='word_1_348' title='bbox 510 3728 552 3795; x_wconf 89' lang='lat' dir='ltr'>qni</span> <span class='ocrx_word' id='word_1_349' title='bbox 572 3743 620 3778; x_wconf 90' lang='grc'>666</span> <span class='ocrx_word' id='word_1_350' title='bbox 640 3742 743 3778; x_wconf 86' lang='lat' dir='ltr'>snorum</span> <span class='ocrx_word' id='word_1_351' title='bbox 760 3733 899 3792; x_wconf 82' lang='lat' dir='ltr'>temporum</span> <span class='ocrx_word' id='word_1_352' title='bbox 912 3726 1130 3791; x_wconf 82' lang='lat' dir='ltr'>consuetudinem,</span> <span class='ocrx_word' id='word_1_353' title='bbox 1149 3727 1193 3776; x_wconf 91' lang='lat' dir='ltr'>sed</span> <span class='ocrx_word' id='word_1_354' title='bbox 1205 3726 1346 3792; x_wconf 86' lang='lat' dir='ltr'>opinionem</span> <span class='ocrx_word' id='word_1_355' title='bbox 1359 3724 1418 3776; x_wconf 87' lang='lat' dir='ltr'>vul·</span> 
     </span>
    </p>
   </div>
   <div class='ocr_carea' id='block_1_5' title="bbox 138 3808 488 3956">
    <p class='ocr_par' dir='ltr' id='par_1_17' title="bbox 138 3808 488 3956">
     <span class='ocr_line' id='line_1_39' title="bbox 138 3808 332 3875; baseline -0.01 -14"><span class='ocrx_word' id='word_1_356' title='bbox 138 3824 225 3875; x_wconf 86' lang='lat' dir='ltr'>garem</span> <span class='ocrx_word' id='word_1_357' title='bbox 244 3808 332 3860; x_wconf 91' lang='lat' dir='ltr'>relart.</span> 
     </span>
     <span class='ocr_line' id='line_1_40' title="bbox 239 3889 488 3956; baseline 0.012 -17"><span class='ocrx_word' id='word_1_358' title='bbox 239 3890 271 3956; x_wconf 77' lang='lat'>⁸⁹)</span> <span class='ocrx_word' id='word_1_359' title='bbox 291 3889 363 3941; x_wconf 83' lang='lat' dir='ltr'>Diod.</span> <span class='ocrx_word' id='word_1_360' title='bbox 382 3889 488 3942; x_wconf 80' lang='grc'>111146.</span> 
     </span>
    </p>
   </div>
   <div class='ocr_carea' id='block_1_6' title="bbox 137 3971 1417 4514">
    <p class='ocr_par' dir='ltr' id='par_1_18' title="bbox 239 3971 522 4039">
     <span class='ocr_line' id='line_1_41' title="bbox 239 3971 522 4039; baseline -0.004 -16"><span class='ocrx_word' id='word_1_361' title='bbox 239 3973 273 4035; x_wconf 85' lang='lat'>⁴⁰)</span> <span class='ocrx_word' id='word_1_362' title='bbox 291 3972 369 4023; x_wconf 84' lang='lat' dir='ltr'>schol.</span> <span class='ocrx_word' id='word_1_363' title='bbox 389 3971 452 4039; x_wconf 78' lang='lat' dir='ltr'>liqu.</span> <span class='ocrx_word' id='word_1_364' title='bbox 470 3973 487 4023; x_wconf 94' lang='grc'>1.</span> <span class='ocrx_word' id='word_1_365' title='bbox 500 3989 522 4023; x_wconf 88' lang='grc'>6.</span> 
     </span>
    </p>

    <p class='ocr_par' dir='ltr' id='par_1_19' title="bbox 137 4051 1417 4514">
     <span class='ocr_line' id='line_1_42' title="bbox 239 4051 1417 4120; baseline -0.004 -16"><span class='ocrx_word' id='word_1_366' title='bbox 239 4053 272 4120; x_wconf 82' lang='lat'>⁴¹)</span> <span class='ocrx_word' id='word_1_367' title='bbox 290 4053 355 4104; x_wconf 89' lang='lat' dir='ltr'>illud</span> <span class='ocrx_word' id='word_1_368' title='bbox 373 4054 399 4105; x_wconf 92' lang='lat' dir='ltr'>in</span> <span class='ocrx_word' id='word_1_369' title='bbox 417 4070 465 4120; x_wconf 93' lang='lat' dir='ltr'>quo</span> <span class='ocrx_word' id='word_1_370' title='bbox 485 4054 592 4106; x_wconf 86' lang='lat' dir='ltr'>nitimur</span> <span class='ocrx_word' id='word_1_371' title='bbox 608 4054 666 4106; x_wconf 78' lang='grc' dir='ltr'>κατ’</span> <span class='ocrx_word' id='word_1_372' title='bbox 685 4051 813 4107; x_wconf 75' lang='grc' dir='ltr'>ἐνιαυτόν</span> <span class='ocrx_word' id='word_1_373' title='bbox 831 4053 975 4105; x_wconf 82' lang='grc'>1116166666</span> <span class='ocrx_word' id='word_1_374' title='bbox 998 4053 1066 4103; x_wconf 90' lang='grc'>66116</span> <span class='ocrx_word' id='word_1_375' title='bbox 1093 4053 1145 4103; x_wconf 85' lang='grc'>6116</span> <span class='ocrx_word' id='word_1_376' title='bbox 1168 4066 1244 4102; x_wconf 86' lang='grc'>66666</span> <span class='ocrx_word' id='word_1_377' title='bbox 1268 4056 1417 4114; x_wconf 89' lang='lat' dir='ltr'>commotus,</span> 
     </span>
     <span class='ocr_line' id='line_1_43' title="bbox 140 4131 1416 4204; baseline -0.005 -17"><span class='ocrx_word' id='word_1_378' title='bbox 140 4136 190 4187; x_wconf 90' lang='lat' dir='ltr'>nisi</span> <span class='ocrx_word' id='word_1_379' title='bbox 208 4137 273 4202; x_wconf 91' lang='lat' dir='ltr'>quod</span> <span class='ocrx_word' id='word_1_380' title='bbox 292 4135 358 4186; x_wconf 86' lang='lat' dir='ltr'>idem</span> <span class='ocrx_word' id='word_1_381' title='bbox 378 4137 453 4202; x_wconf 88' lang='lat' dir='ltr'>paulo</span> <span class='ocrx_word' id='word_1_382' title='bbox 471 4143 546 4188; x_wconf 85' lang='lat' dir='ltr'>antea</span> <span class='ocrx_word' id='word_1_383' title='bbox 567 4137 691 4204; x_wconf 88' lang='lat' dir='ltr'>scriptum</span> <span class='ocrx_word' id='word_1_384' title='bbox 711 4143 759 4201; x_wconf 89' lang='grc'>661,</span> <span class='ocrx_word' id='word_1_385' title='bbox 779 4134 981 4200; x_wconf 87' lang='lat' dir='ltr'>Wesselingium</span> <span class='ocrx_word' id='word_1_386' title='bbox 1000 4141 1103 4185; x_wconf 88' lang='lat' dir='ltr'>secutus</span> <span class='ocrx_word' id='word_1_387' title='bbox 1122 4132 1206 4183; x_wconf 87' lang='lat' dir='ltr'>eiecit.</span> <span class='ocrx_word' id='word_1_388' title='bbox 1241 4133 1314 4198; x_wconf 76' lang='lat' dir='ltr'>qnod,</span> <span class='ocrx_word' id='word_1_389' title='bbox 1333 4131 1356 4182; x_wconf 91' lang='lat' dir='ltr'>si</span> <span class='ocrx_word' id='word_1_390' title='bbox 1373 4131 1416 4181; x_wconf 90' lang='lat' dir='ltr'>de·</span> 
     </span>
     <span class='ocr_line' id='line_1_44' title="bbox 138 4207 1417 4286; baseline -0.003 -18"><span class='ocrx_word' id='word_1_391' title='bbox 138 4225 237 4268; x_wconf 87' lang='lat' dir='ltr'>cretum</span> <span class='ocrx_word' id='word_1_392' title='bbox 257 4218 383 4285; x_wconf 88' lang='lat' dir='ltr'>publicum</span> <span class='ocrx_word' id='word_1_393' title='bbox 401 4219 506 4271; x_wconf 84' lang='lat' dir='ltr'>subesse</span> <span class='ocrx_word' id='word_1_394' title='bbox 525 4220 690 4286; x_wconf 84' lang='lat' dir='ltr'>respexisset,</span> <span class='ocrx_word' id='word_1_395' title='bbox 709 4225 780 4270; x_wconf 87' lang='lat' dir='ltr'>certo</span> <span class='ocrx_word' id='word_1_396' title='bbox 800 4233 849 4268; x_wconf 91' lang='lat' dir='ltr'>non</span> <span class='ocrx_word' id='word_1_397' title='bbox 869 4215 986 4268; x_wconf 81' lang='lat' dir='ltr'>iecisset:</span> <span class='ocrx_word' id='word_1_398' title='bbox 1010 4215 1037 4266; x_wconf 86' lang='lat' dir='ltr'>ol</span> <span class='ocrx_word' id='word_1_399' title='bbox 1054 4213 1083 4268; x_wconf 76' lang='grc' dir='ltr'>δὲ</span> <span class='ocrx_word' id='word_1_400' title='bbox 1096 4211 1238 4278; x_wconf 76' lang='grc' dir='ltr'><strong><em>Ἀθηναῖοι</em></strong></span> <span class='ocrx_word' id='word_1_401' title='bbox 1255 4207 1417 4283; x_wconf 75' lang='grc' dir='ltr'><strong><em>γράψαντος</em></strong></span> 
     </span>
     <span class='ocr_line' id='line_1_45' title="bbox 138 4285 1416 4369; baseline -0.003 -20"><span class='ocrx_word' id='word_1_402' title='bbox 138 4290 272 4368; x_wconf 77' lang='grc' dir='ltr'><strong><em>ψήφισμα</em></strong></span> <span class='ocrx_word' id='word_1_403' title='bbox 299 4301 502 4369; x_wconf 70' lang='grc' dir='ltr'>Στρατοκλέους</span> <span class='ocrx_word' id='word_1_404' title='bbox 527 4299 700 4369; x_wconf 72' lang='grc' dir='ltr'><strong><em>ἐψηφίσαντο</em></strong></span> <span class='ocrx_word' id='word_1_405' title='bbox 719 4329 752 4337; x_wconf 91' lang='grc'><strong>-</strong></span> <span class='ocrx_word' id='word_1_406' title='bbox 771 4326 803 4336; x_wconf 90' lang='grc'>-</span> <span class='ocrx_word' id='word_1_407' title='bbox 822 4300 959 4352; x_wconf 74' lang='grc' dir='ltr'><em>συντελεῖν</em></span> <span class='ocrx_word' id='word_1_408' title='bbox 980 4292 1073 4352; x_wconf 78' lang='grc' dir='ltr'><strong><em>αὐτοῖς</em></strong></span> <span class='ocrx_word' id='word_1_409' title='bbox 1090 4296 1148 4346; x_wconf 77' lang='grc' dir='ltr'>κατ’</span> <span class='ocrx_word' id='word_1_410' title='bbox 1165 4285 1289 4348; x_wconf 70' lang='grc' dir='ltr'>ἐνιαυτόν</span> <span class='ocrx_word' id='word_1_411' title='bbox 1306 4289 1416 4362; x_wconf 77' lang='grc' dir='ltr'><strong><em>ἀγῶνας</em></strong></span> 
     </span>
     <span class='ocr_line' id='line_1_46' title="bbox 137 4373 1416 4451; baseline -0.005 -19"><span class='ocrx_word' id='word_1_412' title='bbox 137 4383 184 4432; x_wconf 76' lang='grc' dir='ltr'>καὶ</span> <span class='ocrx_word' id='word_1_413' title='bbox 201 4378 318 4450; x_wconf 73' lang='grc' dir='ltr'><strong><em>πομπήν</em></strong></span> <span class='ocrx_word' id='word_1_414' title='bbox 329 4382 375 4432; x_wconf 77' lang='grc'>661</span> <span class='ocrx_word' id='word_1_415' title='bbox 387 4385 497 4449; x_wconf 73' lang='grc' dir='ltr'>θυσίαν,</span> <span class='ocrx_word' id='word_1_416' title='bbox 514 4380 714 4451; x_wconf 78' lang='grc' dir='ltr'>1νυφαίνειντε</span> <span class='ocrx_word' id='word_1_417' title='bbox 732 4375 831 4438; x_wconf 78' lang='grc' dir='ltr'><strong><em>αὐτοὺς</em></strong></span> <span class='ocrx_word' id='word_1_418' title='bbox 848 4383 885 4437; x_wconf 71' lang='lat' dir='ltr'>ele</span> <span class='ocrx_word' id='word_1_419' title='bbox 904 4375 952 4432; x_wconf 74' lang='lat' dir='ltr'>adn</span> <span class='ocrx_word' id='word_1_420' title='bbox 968 4379 1014 4444; x_wconf 74' lang='grc' dir='ltr'>τῆς</span> <span class='ocrx_word' id='word_1_421' title='bbox 1029 4373 1144 4443; x_wconf 73' lang='grc' dir='ltr'><em>Ἀθηνᾶς</em></span> <span class='ocrx_word' id='word_1_422' title='bbox 1162 4375 1345 4428; x_wconf 54' lang='grc'>6111166666</span> <span class='ocrx_word' id='word_1_423' title='bbox 1364 4375 1416 4429; x_wconf 75' lang='grc' dir='ltr'>ἔνι-</span> 
     </span>
     <span class='ocr_line' id='line_1_47' title="bbox 138 4478 230 4514; baseline 0.011 -1"><span class='ocrx_word' id='word_1_424' title='bbox 138 4478 230 4514; x_wconf 73' lang='lat' dir='ltr'>notor.</span> 
     </span>
    </p>
   </div>
   <div class='ocr_carea' id='block_1_7' title="bbox 0 0 1568 5056">
    <p class='ocr_par' dir='ltr' id='par_1_20' title="bbox 0 0 1568 5056">
     <span class='ocr_line' id='line_1_48' title="bbox 0 0 1568 5056; baseline 0 2"><span class='ocrx_word' id='word_1_425' title='bbox 0 0 1568 5056; x_wconf 95' lang='lat' dir='ltr'> </span> 
     </span>
    </p>
   </div>
  </div>
 </body>
</html>
