<?xml version="1.0" encoding="UTF-8"?>
<!DOCTYPE html PUBLIC "-//W3C//DTD XHTML 1.0 Transitional//EN"
    "http://www.w3.org/TR/xhtml1/DTD/xhtml1-transitional.dtd">
<html xmlns="http://www.w3.org/1999/xhtml" xml:lang="en" lang="en">
 <head>
  <title>
</title>
<meta http-equiv="Content-Type" content="text/html;charset=utf-8" />
  <meta name='ocr-system' content='tesseract 3.04.00' />
  <meta name='ocr-capabilities' content='ocr_page ocr_carea ocr_par ocr_line ocrx_word'/>
</head>
<body>
  <div class='ocr_page' id='page_1' title='image "./deatheniensiump00pfuhgoog_0021.png"; bbox 0 0 3126 5056; ppageno 0'>
   <div class='ocr_carea' id='block_1_1' title="bbox 680 181 876 242">
    <p class='ocr_par' dir='ltr' id='par_1_1' title="bbox 680 181 876 242">
     <span class='ocr_line' id='line_1_1' title="bbox 680 181 876 242; baseline 0 -12"><span class='ocrx_word' id='word_1_1' title='bbox 680 181 876 242; x_wconf 75' lang='lat'><strong>-8..</strong></span> 
     </span>
    </p>
   </div>
   <div class='ocr_carea' id='block_1_2' title="bbox 138 359 1422 3016">
    <p class='ocr_par' dir='ltr' id='par_1_2' title="bbox 138 359 1422 2222">
     <span class='ocr_line' id='line_1_2' title="bbox 138 359 1422 442; baseline -0.003 -16"><span class='ocrx_word' id='word_1_2' title='bbox 138 363 318 427; x_wconf 78' lang='lat' dir='ltr'><strong>ceruendum</strong></span> <span class='ocrx_word' id='word_1_3' title='bbox 346 371 401 433; x_wconf 86' lang='lat' dir='ltr'><strong>est,</strong></span> <span class='ocrx_word' id='word_1_4' title='bbox 435 361 523 440; x_wconf 90' lang='lat' dir='ltr'><strong>quod,</strong></span> <span class='ocrx_word' id='word_1_5' title='bbox 546 361 571 421; x_wconf 90' lang='lat' dir='ltr'><strong>si</strong></span> <span class='ocrx_word' id='word_1_6' title='bbox 594 360 752 421; x_wconf 89' lang='lat' dir='ltr'><strong>Stratocles</strong></span> <span class='ocrx_word' id='word_1_7' title='bbox 779 360 899 440; x_wconf 88' lang='lat' dir='ltr'><strong>peplum</strong></span> <span class='ocrx_word' id='word_1_8' title='bbox 927 379 1022 440; x_wconf 89' lang='lat' dir='ltr'><strong>usque</strong></span> <span class='ocrx_word' id='word_1_9' title='bbox 1054 359 1089 420; x_wconf 91' lang='lat' dir='ltr'><strong>ad</strong></span> <span class='ocrx_word' id='word_1_10' title='bbox 1123 360 1207 421; x_wconf 93' lang='lat' dir='ltr'><strong>illum</strong></span> <span class='ocrx_word' id='word_1_11' title='bbox 1229 378 1343 422; x_wconf 90' lang='lat' dir='ltr'><strong>annum</strong></span> <span class='ocrx_word' id='word_1_12' title='bbox 1367 381 1422 442; x_wconf 91' lang='lat' dir='ltr'><strong>per</strong></span> 
     </span>
     <span class='ocr_line' id='line_1_3' title="bbox 138 458 1419 542; baseline -0.002 -18"><span class='ocrx_word' id='word_1_13' title='bbox 138 461 375 542; x_wconf 85' lang='lat' dir='ltr'><strong>quinquennium</strong></span> <span class='ocrx_word' id='word_1_14' title='bbox 408 458 539 521; x_wconf 91' lang='lat' dir='ltr'><strong>oblatum</strong></span> <span class='ocrx_word' id='word_1_15' title='bbox 562 459 699 537; x_wconf 73' lang='lat' dir='ltr'><strong>Antigoni</strong></span> <span class='ocrx_word' id='word_1_16' title='bbox 722 470 752 520; x_wconf 89' lang='lat' dir='ltr'><strong>et</strong></span> <span class='ocrx_word' id='word_1_17' title='bbox 772 460 913 520; x_wconf 83' lang='lat' dir='ltr'><strong>Demetrii</strong></span> <span class='ocrx_word' id='word_1_18' title='bbox 937 460 1028 538; x_wconf 90' lang='lat' dir='ltr'><strong>gratia</strong></span> <span class='ocrx_word' id='word_1_19' title='bbox 1050 459 1209 538; x_wconf 74' lang='lat' dir='ltr'><strong>quotannis</strong></span> <span class='ocrx_word' id='word_1_20' title='bbox 1232 461 1419 521; x_wconf 81' lang='lat' dir='ltr'><strong>offerendum</strong></span> 
     </span>
     <span class='ocr_line' id='line_1_4' title="bbox 141 557 1420 639; baseline -0.002 -16"><span class='ocrx_word' id='word_1_21' title='bbox 141 581 205 623; x_wconf 90' lang='lat' dir='ltr'><strong>esse</strong></span> <span class='ocrx_word' id='word_1_22' title='bbox 221 559 407 630; x_wconf 87' lang='lat' dir='ltr'><strong>decrevisset,</strong></span> <span class='ocrx_word' id='word_1_23' title='bbox 430 557 575 619; x_wconf 87' lang='lat' dir='ltr'><strong>Diodorus</strong></span> <span class='ocrx_word' id='word_1_24' title='bbox 591 558 647 618; x_wconf 91' lang='lat' dir='ltr'><strong>hoc</strong></span> <span class='ocrx_word' id='word_1_25' title='bbox 662 567 741 619; x_wconf 90' lang='lat' dir='ltr'><strong>certo</strong></span> <span class='ocrx_word' id='word_1_26' title='bbox 754 558 913 619; x_wconf 81' lang='lat' dir='ltr'><strong>retulisset.</strong></span> <span class='ocrx_word' id='word_1_27' title='bbox 951 558 1063 620; x_wconf 90' lang='lat' dir='ltr'><strong>accedit</strong></span> <span class='ocrx_word' id='word_1_28' title='bbox 1077 558 1155 637; x_wconf 92' lang='lat' dir='ltr'><strong>quod</strong></span> <span class='ocrx_word' id='word_1_29' title='bbox 1173 558 1288 638; x_wconf 91' lang='lat' dir='ltr'><strong>primus</strong></span> <span class='ocrx_word' id='word_1_30' title='bbox 1303 561 1420 639; x_wconf 91' lang='lat' dir='ltr'><strong>peplus‚</strong></span> 
     </span>
     <span class='ocr_line' id='line_1_5' title="bbox 140 656 1421 740; baseline 0 -20"><span class='ocrx_word' id='word_1_31' title='bbox 140 660 191 740; x_wconf 92' lang='lat' dir='ltr'><strong>qui</strong></span> <span class='ocrx_word' id='word_1_32' title='bbox 219 659 336 720; x_wconf 91' lang='lat' dir='ltr'><strong>illorum</strong></span> <span class='ocrx_word' id='word_1_33' title='bbox 360 657 537 736; x_wconf 88' lang='lat' dir='ltr'><strong>imaginihus</strong></span> <span class='ocrx_word' id='word_1_34' title='bbox 551 656 672 718; x_wconf 81' lang='lat' dir='ltr'><strong>intextis</strong></span> <span class='ocrx_word' id='word_1_35' title='bbox 688 660 859 736; x_wconf 78' lang='lat' dir='ltr'><strong>profanatus</strong></span> <span class='ocrx_word' id='word_1_36' title='bbox 875 666 945 730; x_wconf 85' lang='lat' dir='ltr'><strong>erat,</strong></span> <span class='ocrx_word' id='word_1_37' title='bbox 969 658 1091 719; x_wconf 79' lang='lat' dir='ltr'><strong>fortuito</strong></span> <span class='ocrx_word' id='word_1_38' title='bbox 1107 676 1123 717; x_wconf 90' lang='lat' dir='ltr'><strong>a</strong></span> <span class='ocrx_word' id='word_1_39' title='bbox 1139 668 1227 719; x_wconf 83' lang='lat' dir='ltr'><strong>vento</strong></span> <span class='ocrx_word' id='word_1_40' title='bbox 1242 658 1421 720; x_wconf 79' lang='lat' dir='ltr'><strong>dilaceratus</strong></span> 
     </span>
     <span class='ocr_line' id='line_1_6' title="bbox 139 756 1418 837; baseline -0.002 -16"><span class='ocrx_word' id='word_1_41' title='bbox 139 757 247 834; x_wconf 78' lang='lat' dir='ltr'><strong>est⁴²);</strong></span> <span class='ocrx_word' id='word_1_42' title='bbox 275 757 352 837; x_wconf 92' lang='lat' dir='ltr'><strong>quod</strong></span> <span class='ocrx_word' id='word_1_43' title='bbox 376 774 444 818; x_wconf 91' lang='lat' dir='ltr'><strong>cum</strong></span> <span class='ocrx_word' id='word_1_44' title='bbox 475 757 597 818; x_wconf 87' lang='lat' dir='ltr'><strong>deorum</strong></span> <span class='ocrx_word' id='word_1_45' title='bbox 621 757 693 817; x_wconf 91' lang='lat' dir='ltr'><strong>iram</strong></span> <span class='ocrx_word' id='word_1_46' title='bbox 718 756 881 834; x_wconf 85' lang='lat' dir='ltr'><strong>siguificare</strong></span> <span class='ocrx_word' id='word_1_47' title='bbox 903 756 1060 828; x_wconf 86' lang='lat' dir='ltr'><strong>videretur,</strong></span> <span class='ocrx_word' id='word_1_48' title='bbox 1091 766 1181 829; x_wconf 89' lang='lat' dir='ltr'><strong>certo,</strong></span> <span class='ocrx_word' id='word_1_49' title='bbox 1205 766 1239 817; x_wconf 90' lang='lat' dir='ltr'><strong>ut</strong></span> <span class='ocrx_word' id='word_1_50' title='bbox 1261 757 1418 818; x_wconf 91' lang='lat' dir='ltr'><strong>homiuum</strong></span> 
     </span>
     <span class='ocr_line' id='line_1_7' title="bbox 138 855 1419 937; baseline -0.002 -19"><span class='ocrx_word' id='word_1_51' title='bbox 138 857 281 936; x_wconf 83' lang='lat' dir='ltr'><strong>imagines</strong></span> <span class='ocrx_word' id='word_1_52' title='bbox 318 857 414 918; x_wconf 91' lang='lat' dir='ltr'><strong>denuo</strong></span> <span class='ocrx_word' id='word_1_53' title='bbox 455 874 514 917; x_wconf 93' lang='lat' dir='ltr'><strong>non</strong></span> <span class='ocrx_word' id='word_1_54' title='bbox 552 856 762 928; x_wconf 76' lang='lat' dir='ltr'><strong>interimentur,</strong></span> <span class='ocrx_word' id='word_1_55' title='bbox 797 855 952 937; x_wconf 76' lang='lat' dir='ltr'><strong>effecit⁴³):</strong></span> <span class='ocrx_word' id='word_1_56' title='bbox 1000 874 1102 934; x_wconf 86' lang='lat' dir='ltr'><strong>quare,</strong></span> <span class='ocrx_word' id='word_1_57' title='bbox 1140 857 1165 916; x_wconf 91' lang='lat' dir='ltr'><strong>si</strong></span> <span class='ocrx_word' id='word_1_58' title='bbox 1200 855 1305 935; x_wconf 91' lang='lat' dir='ltr'><strong>peplus</strong></span> <span class='ocrx_word' id='word_1_59' title='bbox 1342 875 1419 935; x_wconf 92' lang='lat' dir='ltr'><strong>quo·</strong></span> 
     </span>
     <span class='ocr_line' id='line_1_8' title="bbox 142 954 1422 1032; baseline -0.002 -15"><span class='ocrx_word' id='word_1_60' title='bbox 142 956 239 1018; x_wconf 89' lang='lat' dir='ltr'><strong>tannis</strong></span> <span class='ocrx_word' id='word_1_61' title='bbox 274 955 440 1017; x_wconf 79' lang='lat' dir='ltr'><strong>offerendus</strong></span> <span class='ocrx_word' id='word_1_62' title='bbox 473 955 562 1017; x_wconf 89' lang='lat' dir='ltr'><strong>simul</strong></span> <span class='ocrx_word' id='word_1_63' title='bbox 593 974 660 1016; x_wconf 92' lang='lat' dir='ltr'><strong>cum</strong></span> <span class='ocrx_word' id='word_1_64' title='bbox 683 954 741 1015; x_wconf 88' lang='lat' dir='ltr'><strong>illis</strong></span> <span class='ocrx_word' id='word_1_65' title='bbox 763 955 940 1032; x_wconf 90' lang='lat' dir='ltr'><strong>imaginibus</strong></span> <span class='ocrx_word' id='word_1_66' title='bbox 962 955 1116 1016; x_wconf 91' lang='lat' dir='ltr'><strong>institutus</strong></span> <span class='ocrx_word' id='word_1_67' title='bbox 1138 966 1226 1027; x_wconf 74' lang='lat' dir='ltr'><strong>esset</strong></span> <span class='ocrx_word' id='word_1_68' title='bbox 1260 954 1348 1015; x_wconf 90' lang='lat' dir='ltr'><strong>etiam</strong></span> <span class='ocrx_word' id='word_1_69' title='bbox 1372 954 1422 1015; x_wconf 91' lang='lat' dir='ltr'><strong>hic</strong></span> 
     </span>
     <span class='ocr_line' id='line_1_9' title="bbox 142 1053 1420 1132; baseline -0.002 -16"><span class='ocrx_word' id='word_1_70' title='bbox 142 1055 232 1116; x_wconf 92' lang='lat' dir='ltr'><strong>simul</strong></span> <span class='ocrx_word' id='word_1_71' title='bbox 247 1064 326 1116; x_wconf 91' lang='lat' dir='ltr'><strong>esset</strong></span> <span class='ocrx_word' id='word_1_72' title='bbox 340 1054 475 1126; x_wconf 90' lang='lat' dir='ltr'><strong>abolitus,</strong></span> <span class='ocrx_word' id='word_1_73' title='bbox 500 1063 580 1115; x_wconf 92' lang='lat' dir='ltr'><strong>utre</strong></span> <span class='ocrx_word' id='word_1_74' title='bbox 595 1072 662 1114; x_wconf 89' lang='lat' dir='ltr'><strong>vera</strong></span> <span class='ocrx_word' id='word_1_75' title='bbox 678 1071 841 1131; x_wconf 87' lang='lat' dir='ltr'><strong>numquam</strong></span> <span class='ocrx_word' id='word_1_76' title='bbox 858 1053 1017 1132; x_wconf 86' lang='lat' dir='ltr'><strong>quotannis</strong></span> <span class='ocrx_word' id='word_1_77' title='bbox 1034 1053 1148 1114; x_wconf 90' lang='lat' dir='ltr'><strong>oblatus</strong></span> <span class='ocrx_word' id='word_1_78' title='bbox 1163 1063 1250 1114; x_wconf 89' lang='lat' dir='ltr'><strong>esset.</strong></span> <span class='ocrx_word' id='word_1_79' title='bbox 1288 1062 1420 1114; x_wconf 82' lang='lat' dir='ltr'><strong>attamen</strong></span> 
     </span>
     <span class='ocr_line' id='line_1_10' title="bbox 141 1151 1420 1234; baseline -0.002 -19"><span class='ocrx_word' id='word_1_80' title='bbox 141 1153 345 1234; x_wconf 78' lang='lat' dir='ltr'><strong>Aristophanis</strong></span> <span class='ocrx_word' id='word_1_81' title='bbox 374 1153 530 1215; x_wconf 89' lang='lat' dir='ltr'><strong>scholiasta</strong></span> <span class='ocrx_word' id='word_1_82' title='bbox 558 1153 614 1213; x_wconf 92' lang='lat' dir='ltr'><strong>hoc</strong></span> <span class='ocrx_word' id='word_1_83' title='bbox 640 1153 751 1213; x_wconf 84' lang='lat' dir='ltr'><strong>lactum</strong></span> <span class='ocrx_word' id='word_1_84' title='bbox 775 1171 840 1213; x_wconf 91' lang='lat' dir='ltr'><strong>esse</strong></span> <span class='ocrx_word' id='word_1_85' title='bbox 863 1161 1004 1214; x_wconf 89' lang='lat' dir='ltr'><strong>testatur:</strong></span> <span class='ocrx_word' id='word_1_86' title='bbox 1028 1171 1097 1231; x_wconf 92' lang='lat' dir='ltr'><strong>ergo</strong></span> <span class='ocrx_word' id='word_1_87' title='bbox 1120 1163 1188 1214; x_wconf 92' lang='lat' dir='ltr'><strong>ante</strong></span> <span class='ocrx_word' id='word_1_88' title='bbox 1211 1171 1321 1214; x_wconf 90' lang='lat' dir='ltr'><strong>annum</strong></span> <span class='ocrx_word' id='word_1_89' title='bbox 1346 1151 1420 1214; x_wconf 85' lang='lat'><strong>307.</strong></span> 
     </span>
     <span class='ocr_line' id='line_1_11' title="bbox 139 1251 1420 1333; baseline -0.001 -20"><span class='ocrx_word' id='word_1_90' title='bbox 139 1253 243 1333; x_wconf 91' lang='lat' dir='ltr'><strong>peplus</strong></span> <span class='ocrx_word' id='word_1_91' title='bbox 265 1251 423 1331; x_wconf 88' lang='lat' dir='ltr'><strong>quotannis</strong></span> <span class='ocrx_word' id='word_1_92' title='bbox 449 1251 635 1313; x_wconf 84' lang='lat' dir='ltr'><strong>offerebatur.</strong></span> <span class='ocrx_word' id='word_1_93' title='bbox 682 1252 765 1312; x_wconf 90' lang='lat' dir='ltr'><strong>cuius</strong></span> <span class='ocrx_word' id='word_1_94' title='bbox 789 1251 881 1312; x_wconf 91' lang='lat' dir='ltr'><strong>moris</strong></span> <span class='ocrx_word' id='word_1_95' title='bbox 904 1261 1017 1313; x_wconf 89' lang='lat' dir='ltr'><strong>certum</strong></span> <span class='ocrx_word' id='word_1_96' title='bbox 1042 1252 1213 1324; x_wconf 90' lang='lat' dir='ltr'><strong>terminum,</strong></span> <span class='ocrx_word' id='word_1_97' title='bbox 1240 1260 1420 1331; x_wconf 88' lang='lat' dir='ltr'><strong>postquem</strong></span> 
     </span>
     <span class='ocr_line' id='line_1_12' title="bbox 139 1350 1421 1431; baseline -0.001 -19"><span class='ocrx_word' id='word_1_98' title='bbox 139 1351 294 1412; x_wconf 87' lang='lat' dir='ltr'><strong>institutus</strong></span> <span class='ocrx_word' id='word_1_99' title='bbox 317 1360 372 1423; x_wconf 88' lang='lat' dir='ltr'><strong>est,</strong></span> <span class='ocrx_word' id='word_1_100' title='bbox 394 1350 525 1411; x_wconf 83' lang='lat' dir='ltr'><strong>Platonis</strong></span> <span class='ocrx_word' id='word_1_101' title='bbox 547 1350 698 1430; x_wconf 78' lang='lat' dir='ltr'><strong>Eutyphro</strong></span> <span class='ocrx_word' id='word_1_102' title='bbox 714 1351 843 1431; x_wconf 90' lang='lat' dir='ltr'><strong>praehet.</strong></span> <span class='ocrx_word' id='word_1_103' title='bbox 881 1351 932 1412; x_wconf 91' lang='lat' dir='ltr'><strong>sed</strong></span> <span class='ocrx_word' id='word_1_104' title='bbox 955 1355 1080 1412; x_wconf 81' lang='lat' dir='ltr'><strong>tortasse</strong></span> <span class='ocrx_word' id='word_1_105' title='bbox 1096 1351 1184 1412; x_wconf 89' lang='lat' dir='ltr'><strong>etiam</strong></span> <span class='ocrx_word' id='word_1_106' title='bbox 1201 1350 1326 1431; x_wconf 81' lang='lat' dir='ltr'><strong>Lycurgi</strong></span> <span class='ocrx_word' id='word_1_107' title='bbox 1342 1360 1421 1411; x_wconf 89' lang='lat' dir='ltr'><strong>tem-</strong></span> 
     </span>
     <span class='ocr_line' id='line_1_13' title="bbox 140 1449 1421 1530; baseline -0.001 -20"><span class='ocrx_word' id='word_1_108' title='bbox 140 1449 262 1530; x_wconf 85' lang='lat' dir='ltr'><strong>poribus</strong></span> <span class='ocrx_word' id='word_1_109' title='bbox 284 1449 388 1529; x_wconf 90' lang='lat' dir='ltr'><strong>peplus</strong></span> <span class='ocrx_word' id='word_1_110' title='bbox 410 1449 468 1510; x_wconf 91' lang='lat' dir='ltr'><strong>uisi</strong></span> <span class='ocrx_word' id='word_1_111' title='bbox 491 1468 543 1529; x_wconf 89' lang='lat' dir='ltr'><strong>per</strong></span> <span class='ocrx_word' id='word_1_112' title='bbox 564 1449 802 1528; x_wconf 88' lang='lat' dir='ltr'><strong>quinquennium</strong></span> <span class='ocrx_word' id='word_1_113' title='bbox 826 1468 886 1510; x_wconf 92' lang='lat' dir='ltr'><strong>non</strong></span> <span class='ocrx_word' id='word_1_114' title='bbox 910 1450 1144 1527; x_wconf 81' lang='lat' dir='ltr'><strong>offerebatur⁴⁴).</strong></span> <span class='ocrx_word' id='word_1_115' title='bbox 1175 1460 1280 1528; x_wconf 89' lang='lat' dir='ltr'><strong>quarto</strong></span> <span class='ocrx_word' id='word_1_116' title='bbox 1303 1451 1421 1511; x_wconf 90' lang='lat' dir='ltr'><strong>saeculo</strong></span> 
     </span>
     <span class='ocr_line' id='line_1_14' title="bbox 140 1547 1421 1628; baseline 0.002 -21"><span class='ocrx_word' id='word_1_117' title='bbox 140 1547 239 1626; x_wconf 82' lang='lat' dir='ltr'><strong>igitur,</strong></span> <span class='ocrx_word' id='word_1_118' title='bbox 261 1550 383 1609; x_wconf 85' lang='lat' dir='ltr'><strong>tortasse</strong></span> <span class='ocrx_word' id='word_1_119' title='bbox 404 1547 483 1608; x_wconf 90' lang='lat' dir='ltr'><strong>intra</strong></span> <span class='ocrx_word' id='word_1_120' title='bbox 506 1566 598 1609; x_wconf 91' lang='lat' dir='ltr'><strong>annos</strong></span> <span class='ocrx_word' id='word_1_121' title='bbox 621 1548 692 1610; x_wconf 84' lang='lat'><strong>338.</strong></span> <span class='ocrx_word' id='word_1_122' title='bbox 716 1559 746 1609; x_wconf 93' lang='lat' dir='ltr'><strong>et</strong></span> <span class='ocrx_word' id='word_1_123' title='bbox 768 1548 850 1622; x_wconf 68' lang='lat'><strong>307„</strong></span> <span class='ocrx_word' id='word_1_124' title='bbox 874 1548 978 1628; x_wconf 91' lang='lat' dir='ltr'><strong>peplus</strong></span> <span class='ocrx_word' id='word_1_125' title='bbox 1000 1548 1159 1627; x_wconf 84' lang='lat' dir='ltr'><strong>quotannis</strong></span> <span class='ocrx_word' id='word_1_126' title='bbox 1181 1548 1349 1609; x_wconf 81' lang='lat' dir='ltr'><strong>offerendus</strong></span> <span class='ocrx_word' id='word_1_127' title='bbox 1371 1548 1421 1609; x_wconf 91' lang='lat' dir='ltr'><strong>in-</strong></span> 
     </span>
     <span class='ocr_line' id='line_1_15' title="bbox 140 1646 1420 1728; baseline 0.001 -21"><span class='ocrx_word' id='word_1_128' title='bbox 140 1646 264 1708; x_wconf 88' lang='lat' dir='ltr'><strong>stitutus</strong></span> <span class='ocrx_word' id='word_1_129' title='bbox 287 1655 339 1708; x_wconf 90' lang='lat' dir='ltr'><strong>est.</strong></span> <span class='ocrx_word' id='word_1_130' title='bbox 383 1665 458 1725; x_wconf 90' lang='lat' dir='ltr'><strong>quae</strong></span> <span class='ocrx_word' id='word_1_131' title='bbox 480 1648 665 1709; x_wconf 89' lang='lat' dir='ltr'><strong>consuetudo</strong></span> <span class='ocrx_word' id='word_1_132' title='bbox 687 1648 743 1710; x_wconf 90' lang='lat' dir='ltr'><strong>nisi</strong></span> <span class='ocrx_word' id='word_1_133' title='bbox 766 1666 819 1728; x_wconf 92' lang='lat' dir='ltr'><strong>per</strong></span> <span class='ocrx_word' id='word_1_134' title='bbox 842 1657 961 1709; x_wconf 92' lang='lat' dir='ltr'><strong>centum</strong></span> <span class='ocrx_word' id='word_1_135' title='bbox 992 1647 1235 1708; x_wconf 83' lang='lat' dir='ltr'><strong>marimeannos</strong></span> <span class='ocrx_word' id='word_1_136' title='bbox 1257 1647 1420 1708; x_wconf 88' lang='lat' dir='ltr'><strong>autetiam</strong></span> 
     </span>
     <span class='ocr_line' id='line_1_16' title="bbox 140 1744 1420 1826; baseline 0.001 -20"><span class='ocrx_word' id='word_1_137' title='bbox 140 1763 193 1826; x_wconf 92' lang='lat' dir='ltr'><strong>per</strong></span> <span class='ocrx_word' id='word_1_138' title='bbox 207 1744 325 1807; x_wconf 85' lang='lat' dir='ltr'><strong>brevius</strong></span> <span class='ocrx_word' id='word_1_139' title='bbox 342 1754 459 1826; x_wconf 89' lang='lat' dir='ltr'><strong>tempus</strong></span> <span class='ocrx_word' id='word_1_140' title='bbox 474 1756 589 1808; x_wconf 88' lang='lat' dir='ltr'><strong>servata</strong></span> <span class='ocrx_word' id='word_1_141' title='bbox 602 1766 662 1808; x_wconf 93' lang='lat' dir='ltr'><strong>nou</strong></span> <span class='ocrx_word' id='word_1_142' title='bbox 678 1748 889 1810; x_wconf 87' lang='lat' dir='ltr'><strong>videturesse:</strong></span> <span class='ocrx_word' id='word_1_143' title='bbox 913 1766 981 1809; x_wconf 92' lang='lat' dir='ltr'><strong>nam</strong></span> <span class='ocrx_word' id='word_1_144' title='bbox 1000 1748 1044 1808; x_wconf 88' lang='lat' dir='ltr'><strong>vel</strong></span> <span class='ocrx_word' id='word_1_145' title='bbox 1055 1747 1259 1808; x_wconf 88' lang='lat' dir='ltr'><strong>Philemonem</strong></span> <span class='ocrx_word' id='word_1_146' title='bbox 1272 1747 1420 1808; x_wconf 91' lang='lat' dir='ltr'><strong>comicum</strong></span> 
     </span>
     <span class='ocr_line' id='line_1_17' title="bbox 142 1845 1420 1926; baseline 0.001 -21"><span class='ocrx_word' id='word_1_147' title='bbox 142 1862 254 1906; x_wconf 88' lang='lat' dir='ltr'><strong>morem</strong></span> <span class='ocrx_word' id='word_1_148' title='bbox 288 1854 416 1906; x_wconf 86' lang='lat' dir='ltr'><strong>veterem</strong></span> <span class='ocrx_word' id='word_1_149' title='bbox 448 1846 544 1907; x_wconf 92' lang='lat' dir='ltr'><strong>denuo</strong></span> <span class='ocrx_word' id='word_1_150' title='bbox 579 1856 719 1908; x_wconf 80' lang='lat' dir='ltr'><strong>testatum</strong></span> <span class='ocrx_word' id='word_1_151' title='bbox 753 1866 819 1908; x_wconf 91' lang='lat' dir='ltr'><strong>esse</strong></span> <span class='ocrx_word' id='word_1_152' title='bbox 852 1847 1010 1908; x_wconf 88' lang='lat' dir='ltr'><strong>verisimile</strong></span> <span class='ocrx_word' id='word_1_153' title='bbox 1043 1847 1144 1926; x_wconf 75' lang='lat' dir='ltr'><strong>est⁴⁵).</strong></span> <span class='ocrx_word' id='word_1_154' title='bbox 1194 1847 1306 1907; x_wconf 89' lang='lat' dir='ltr'><strong>aceedit</strong></span> <span class='ocrx_word' id='word_1_155' title='bbox 1339 1845 1420 1924; x_wconf 94' lang='lat' dir='ltr'><strong>quod</strong></span> 
     </span>
     <span class='ocr_line' id='line_1_18' title="bbox 142 1942 1421 2025; baseline 0.002 -22"><span class='ocrx_word' id='word_1_156' title='bbox 142 1942 253 2023; x_wconf 89' lang='lat' dir='ltr'><strong>posteri</strong></span> <span class='ocrx_word' id='word_1_157' title='bbox 275 1943 405 2003; x_wconf 82' lang='lat' dir='ltr'><strong>lontibus</strong></span> <span class='ocrx_word' id='word_1_158' title='bbox 428 1944 644 2022; x_wconf 89' lang='lat' dir='ltr'><strong>antiquioribus</strong></span> <span class='ocrx_word' id='word_1_159' title='bbox 668 1944 714 2005; x_wconf 91' lang='lat' dir='ltr'><strong>usi</strong></span> <span class='ocrx_word' id='word_1_160' title='bbox 736 1955 853 2024; x_wconf 91' lang='lat' dir='ltr'><strong>praeter</strong></span> <span class='ocrx_word' id='word_1_161' title='bbox 876 1965 968 2006; x_wconf 92' lang='lat' dir='ltr'><strong>unum</strong></span> <span class='ocrx_word' id='word_1_162' title='bbox 992 1945 1179 2006; x_wconf 89' lang='lat' dir='ltr'><strong>scholiastam</strong></span> <span class='ocrx_word' id='word_1_163' title='bbox 1204 1945 1322 2025; x_wconf 90' lang='lat' dir='ltr'><strong>peplum</strong></span> <span class='ocrx_word' id='word_1_164' title='bbox 1342 1964 1421 2022; x_wconf 93' lang='lat' dir='ltr'><strong>quo-</strong></span> 
     </span>
     <span class='ocr_line' id='line_1_19' title="bbox 143 2040 1418 2122; baseline 0.001 -21"><span class='ocrx_word' id='word_1_165' title='bbox 143 2041 241 2102; x_wconf 88' lang='lat' dir='ltr'><strong>tannis</strong></span> <span class='ocrx_word' id='word_1_166' title='bbox 264 2040 393 2102; x_wconf 91' lang='lat' dir='ltr'><strong>oblatum</strong></span> <span class='ocrx_word' id='word_1_167' title='bbox 418 2060 477 2102; x_wconf 90' lang='lat' dir='ltr'><strong>nou</strong></span> <span class='ocrx_word' id='word_1_168' title='bbox 501 2052 661 2117; x_wconf 80' lang='lat' dir='ltr'><strong>noverunt3</strong></span> <span class='ocrx_word' id='word_1_169' title='bbox 683 2043 763 2122; x_wconf 89' lang='lat' dir='ltr'><strong>quod</strong></span> <span class='ocrx_word' id='word_1_170' title='bbox 786 2044 957 2117; x_wconf 83' lang='lat' dir='ltr'><strong>offenderet,</strong></span> <span class='ocrx_word' id='word_1_171' title='bbox 981 2043 1006 2104; x_wconf 90' lang='lat' dir='ltr'><strong>si</strong></span> <span class='ocrx_word' id='word_1_172' title='bbox 1021 2062 1132 2104; x_wconf 84' lang='lat' dir='ltr'><strong>uorum</strong></span> <span class='ocrx_word' id='word_1_173' title='bbox 1152 2062 1264 2104; x_wconf 89' lang='lat' dir='ltr'><strong>morem</strong></span> <span class='ocrx_word' id='word_1_174' title='bbox 1281 2062 1334 2122; x_wconf 91' lang='lat' dir='ltr'><strong>per</strong></span> <span class='ocrx_word' id='word_1_175' title='bbox 1353 2043 1418 2103; x_wconf 92' lang='lat' dir='ltr'><strong>lon·</strong></span> 
     </span>
     <span class='ocr_line' id='line_1_20' title="bbox 143 2139 727 2222; baseline 0.005 -22"><span class='ocrx_word' id='word_1_176' title='bbox 143 2158 212 2220; x_wconf 90' lang='lat' dir='ltr'><strong>gum</strong></span> <span class='ocrx_word' id='word_1_177' title='bbox 236 2149 353 2220; x_wconf 89' lang='lat' dir='ltr'><strong>tempus</strong></span> <span class='ocrx_word' id='word_1_178' title='bbox 376 2139 522 2202; x_wconf 84' lang='lat' dir='ltr'><strong>exstitisse</strong></span> <span class='ocrx_word' id='word_1_179' title='bbox 544 2151 727 2222; x_wconf 89' lang='lat' dir='ltr'><strong>putaremus.</strong></span> 
     </span>
    </p>

    <p class='ocr_par' dir='ltr' id='par_1_3' title="bbox 144 2239 1422 3016">
     <span class='ocr_line' id='line_1_21' title="bbox 243 2239 1421 2322; baseline 0.002 -23"><span class='ocrx_word' id='word_1_180' title='bbox 243 2239 383 2318; x_wconf 89' lang='lat' dir='ltr'><strong>quoniam</strong></span> <span class='ocrx_word' id='word_1_181' title='bbox 407 2241 555 2320; x_wconf 89' lang='lat' dir='ltr'><strong>quomodo</strong></span> <span class='ocrx_word' id='word_1_182' title='bbox 578 2241 684 2322; x_wconf 91' lang='lat' dir='ltr'><strong>peplus</strong></span> <span class='ocrx_word' id='word_1_183' title='bbox 707 2241 823 2303; x_wconf 93' lang='lat' dir='ltr'><strong>oblatus</strong></span> <span class='ocrx_word' id='word_1_184' title='bbox 846 2241 893 2315; x_wconf 87' lang='lat' dir='ltr'><strong>sit,</strong></span> <span class='ocrx_word' id='word_1_185' title='bbox 916 2249 1061 2320; x_wconf 89' lang='lat' dir='ltr'><strong>quantum</strong></span> <span class='ocrx_word' id='word_1_186' title='bbox 1084 2239 1203 2319; x_wconf 92' lang='lat' dir='ltr'><strong>quidem</strong></span> <span class='ocrx_word' id='word_1_187' title='bbox 1227 2239 1291 2300; x_wconf 86' lang='lat' dir='ltr'><strong>heri</strong></span> <span class='ocrx_word' id='word_1_188' title='bbox 1315 2239 1421 2319; x_wconf 82' lang='lat' dir='ltr'><strong>potuit,</strong></span> 
     </span>
     <span class='ocr_line' id='line_1_22' title="bbox 144 2337 1420 2421; baseline 0.002 -23"><span class='ocrx_word' id='word_1_189' title='bbox 144 2337 361 2413; x_wconf 90' lang='lat' dir='ltr'><strong>constituimus,</strong></span> <span class='ocrx_word' id='word_1_190' title='bbox 378 2358 458 2400; x_wconf 92' lang='lat' dir='ltr'><strong>nunc</strong></span> <span class='ocrx_word' id='word_1_191' title='bbox 472 2340 507 2401; x_wconf 90' lang='lat' dir='ltr'><strong>ad</strong></span> <span class='ocrx_word' id='word_1_192' title='bbox 524 2341 614 2402; x_wconf 88' lang='lat' dir='ltr'><strong>moris</strong></span> <span class='ocrx_word' id='word_1_193' title='bbox 630 2340 759 2421; x_wconf 82' lang='lat' dir='ltr'><strong>origines</strong></span> <span class='ocrx_word' id='word_1_194' title='bbox 774 2340 986 2419; x_wconf 89' lang='lat' dir='ltr'><strong>aggrediamur.</strong></span> <span class='ocrx_word' id='word_1_195' title='bbox 1016 2358 1089 2418; x_wconf 89' lang='lat' dir='ltr'><strong>quas</strong></span> <span class='ocrx_word' id='word_1_196' title='bbox 1105 2338 1189 2401; x_wconf 90' lang='lat' dir='ltr'><strong>laoile</strong></span> <span class='ocrx_word' id='word_1_197' title='bbox 1201 2339 1420 2418; x_wconf 87' lang='lat' dir='ltr'><strong>cognoscimus:</strong></span> 
     </span>
     <span class='ocr_line' id='line_1_23' title="bbox 144 2436 1421 2520; baseline 0.002 -22"><span class='ocrx_word' id='word_1_198' title='bbox 144 2454 212 2498; x_wconf 91' lang='lat' dir='ltr'><strong>uam</strong></span> <span class='ocrx_word' id='word_1_199' title='bbox 236 2436 287 2499; x_wconf 91' lang='lat' dir='ltr'><strong>uhi</strong></span> <span class='ocrx_word' id='word_1_200' title='bbox 310 2438 432 2500; x_wconf 89' lang='lat' dir='ltr'><strong>deorum</strong></span> <span class='ocrx_word' id='word_1_201' title='bbox 456 2438 611 2501; x_wconf 88' lang='lat' dir='ltr'><strong>simulacra</strong></span> <span class='ocrx_word' id='word_1_202' title='bbox 627 2441 722 2520; x_wconf 91' lang='lat' dir='ltr'><strong>lignea</strong></span> <span class='ocrx_word' id='word_1_203' title='bbox 736 2441 812 2502; x_wconf 83' lang='lat' dir='ltr'><strong>facta</strong></span> <span class='ocrx_word' id='word_1_204' title='bbox 828 2448 908 2513; x_wconf 89' lang='lat' dir='ltr'><strong>sunt,</strong></span> <span class='ocrx_word' id='word_1_205' title='bbox 932 2448 1027 2500; x_wconf 84' lang='lat' dir='ltr'><strong>vestes</strong></span> <span class='ocrx_word' id='word_1_206' title='bbox 1043 2438 1294 2500; x_wconf 89' lang='lat' dir='ltr'><strong>desiderabantur.</strong></span> <span class='ocrx_word' id='word_1_207' title='bbox 1328 2438 1364 2500; x_wconf 89' lang='lat' dir='ltr'><strong>ab</strong></span> <span class='ocrx_word' id='word_1_208' title='bbox 1387 2458 1421 2500; x_wconf 91' lang='lat' dir='ltr'><strong>eo</strong></span> 
     </span>
     <span class='ocr_line' id='line_1_24' title="bbox 144 2534 1420 2619; baseline 0 -22"><span class='ocrx_word' id='word_1_209' title='bbox 144 2534 234 2615; x_wconf 88' lang='lat' dir='ltr'><strong>igitur</strong></span> <span class='ocrx_word' id='word_1_210' title='bbox 267 2546 409 2619; x_wconf 87' lang='lat' dir='ltr'><strong>tempore,</strong></span> <span class='ocrx_word' id='word_1_211' title='bbox 442 2558 500 2618; x_wconf 91' lang='lat' dir='ltr'><strong>quo</strong></span> <span class='ocrx_word' id='word_1_212' title='bbox 523 2539 741 2613; x_wconf 84' lang='lat' dir='ltr'><strong>Erichthonius,</strong></span> <span class='ocrx_word' id='word_1_213' title='bbox 769 2548 803 2601; x_wconf 93' lang='lat' dir='ltr'><strong>ut</strong></span> <span class='ocrx_word' id='word_1_214' title='bbox 825 2538 953 2601; x_wconf 77' lang='lat' dir='ltr'><strong>Atthidis</strong></span> <span class='ocrx_word' id='word_1_215' title='bbox 977 2556 1083 2616; x_wconf 92' lang='lat' dir='ltr'><strong>genere</strong></span> <span class='ocrx_word' id='word_1_216' title='bbox 1106 2537 1221 2599; x_wconf 89' lang='lat' dir='ltr'><strong>dicendi</strong></span> <span class='ocrx_word' id='word_1_217' title='bbox 1244 2536 1420 2610; x_wconf 81' lang='lat' dir='ltr'><strong>utamur⁴⁶)‚</strong></span> 
     </span>
     <span class='ocr_line' id='line_1_25' title="bbox 145 2633 1421 2717; baseline 0.001 -22"><span class='ocrx_word' id='word_1_218' title='bbox 145 2633 289 2697; x_wconf 83' lang='lat' dir='ltr'><strong>Minervae</strong></span> <span class='ocrx_word' id='word_1_219' title='bbox 312 2636 439 2698; x_wconf 87' lang='lat' dir='ltr'><strong>Poliadis</strong></span> <span class='ocrx_word' id='word_1_220' title='bbox 462 2637 650 2699; x_wconf 90' lang='lat' dir='ltr'><strong>simulacrum</strong></span> <span class='ocrx_word' id='word_1_221' title='bbox 672 2638 801 2717; x_wconf 90' lang='lat' dir='ltr'><strong>ligneum</strong></span> <span class='ocrx_word' id='word_1_222' title='bbox 824 2638 854 2699; x_wconf 92' lang='lat' dir='ltr'><strong>in</strong></span> <span class='ocrx_word' id='word_1_223' title='bbox 877 2657 943 2700; x_wconf 90' lang='lat' dir='ltr'><strong>arce</strong></span> <span class='ocrx_word' id='word_1_224' title='bbox 959 2636 1110 2699; x_wconf 84' lang='lat' dir='ltr'><strong>collocavit</strong></span> <span class='ocrx_word' id='word_1_225' title='bbox 1130 2645 1160 2698; x_wconf 91' lang='lat' dir='ltr'><strong>et</strong></span> <span class='ocrx_word' id='word_1_226' title='bbox 1181 2637 1333 2698; x_wconf 89' lang='lat' dir='ltr'><strong>sollemnia</strong></span> <span class='ocrx_word' id='word_1_227' title='bbox 1348 2655 1421 2697; x_wconf 91' lang='lat' dir='ltr'><strong>con-</strong></span> 
     </span>
     <span class='ocr_line' id='line_1_26' title="bbox 146 2733 1422 2817; baseline 0.001 -23"><span class='ocrx_word' id='word_1_228' title='bbox 146 2733 227 2807; x_wconf 90' lang='lat' dir='ltr'><strong>didit,</strong></span> <span class='ocrx_word' id='word_1_229' title='bbox 250 2737 353 2815; x_wconf 91' lang='lat' dir='ltr'><strong>peplus</strong></span> <span class='ocrx_word' id='word_1_230' title='bbox 376 2736 478 2815; x_wconf 90' lang='lat' dir='ltr'><strong>quinto</strong></span> <span class='ocrx_word' id='word_1_231' title='bbox 500 2756 617 2816; x_wconf 92' lang='lat' dir='ltr'><strong>quoque</strong></span> <span class='ocrx_word' id='word_1_232' title='bbox 638 2756 716 2798; x_wconf 91' lang='lat' dir='ltr'><strong>auno</strong></span> <span class='ocrx_word' id='word_1_233' title='bbox 739 2736 855 2798; x_wconf 92' lang='lat' dir='ltr'><strong>oblatus</strong></span> <span class='ocrx_word' id='word_1_234' title='bbox 878 2747 932 2800; x_wconf 91' lang='lat' dir='ltr'><strong>est.</strong></span> <span class='ocrx_word' id='word_1_235' title='bbox 970 2737 1050 2817; x_wconf 90' lang='lat' dir='ltr'><strong>quod</strong></span> <span class='ocrx_word' id='word_1_236' title='bbox 1073 2736 1236 2817; x_wconf 89' lang='lat' dir='ltr'><strong>antiquitus</strong></span> <span class='ocrx_word' id='word_1_237' title='bbox 1259 2755 1311 2817; x_wconf 90' lang='lat' dir='ltr'><strong>per</strong></span> <span class='ocrx_word' id='word_1_238' title='bbox 1332 2736 1422 2815; x_wconf 91' lang='lat' dir='ltr'><strong>quin-</strong></span> 
     </span>
     <span class='ocr_line' id='line_1_27' title="bbox 145 2834 1421 2917; baseline 0 -23"><span class='ocrx_word' id='word_1_239' title='bbox 145 2834 307 2912; x_wconf 90' lang='lat' dir='ltr'><strong>quennium</strong></span> <span class='ocrx_word' id='word_1_240' title='bbox 341 2836 451 2895; x_wconf 88' lang='lat' dir='ltr'><strong>lactum</strong></span> <span class='ocrx_word' id='word_1_241' title='bbox 485 2852 549 2896; x_wconf 90' lang='lat' dir='ltr'><strong>esse</strong></span> <span class='ocrx_word' id='word_1_242' title='bbox 581 2855 614 2896; x_wconf 88' lang='lat' dir='ltr'><strong>ea</strong></span> <span class='ocrx_word' id='word_1_243' title='bbox 648 2837 685 2896; x_wconf 93' lang='lat' dir='ltr'><strong>de</strong></span> <span class='ocrx_word' id='word_1_244' title='bbox 707 2855 793 2897; x_wconf 88' lang='lat' dir='ltr'><strong>causa</strong></span> <span class='ocrx_word' id='word_1_245' title='bbox 817 2845 930 2896; x_wconf 89' lang='lat' dir='ltr'><strong>certum</strong></span> <span class='ocrx_word' id='word_1_246' title='bbox 954 2847 1009 2907; x_wconf 88' lang='lat' dir='ltr'><strong>est,</strong></span> <span class='ocrx_word' id='word_1_247' title='bbox 1033 2837 1112 2915; x_wconf 92' lang='lat' dir='ltr'><strong>quod</strong></span> <span class='ocrx_word' id='word_1_248' title='bbox 1136 2835 1239 2917; x_wconf 87' lang='lat' dir='ltr'><strong>peplos</strong></span> <span class='ocrx_word' id='word_1_249' title='bbox 1262 2835 1421 2914; x_wconf 90' lang='lat' dir='ltr'><strong>quotannis</strong></span> 
     </span>
     <span class='ocr_line' id='line_1_28' title="bbox 148 2931 1421 3016; baseline -0.001 -24"><span class='ocrx_word' id='word_1_250' title='bbox 148 2940 243 2993; x_wconf 80' lang='lat' dir='ltr'><strong>textus</strong></span> <span class='ocrx_word' id='word_1_251' title='bbox 258 2931 414 3012; x_wconf 80' lang='lat' dir='ltr'><strong>Plynteriis</strong></span> <span class='ocrx_word' id='word_1_252' title='bbox 436 2942 514 2993; x_wconf 89' lang='lat' dir='ltr'><strong>esset</strong></span> <span class='ocrx_word' id='word_1_253' title='bbox 536 2933 668 3008; x_wconf 81' lang='lat' dir='ltr'><strong>oblatus3</strong></span> <span class='ocrx_word' id='word_1_254' title='bbox 691 2935 743 2996; x_wconf 89' lang='lat' dir='ltr'><strong>sed</strong></span> <span class='ocrx_word' id='word_1_255' title='bbox 765 2933 921 3016; x_wconf 84' lang='lat' dir='ltr'><strong>Plynteriis</strong></span> <span class='ocrx_word' id='word_1_256' title='bbox 943 2943 1048 3013; x_wconf 88' lang='lat' dir='ltr'><strong>quater</strong></span> <span class='ocrx_word' id='word_1_257' title='bbox 1069 2933 1211 3016; x_wconf 66' lang='lat' dir='ltr'><strong>tautustt)</strong></span> <span class='ocrx_word' id='word_1_258' title='bbox 1233 2951 1350 3012; x_wconf 92' lang='lat' dir='ltr'><strong>semper</strong></span> <span class='ocrx_word' id='word_1_259' title='bbox 1366 2933 1421 2992; x_wconf 90' lang='lat' dir='ltr'><strong>bli-</strong></span> 
     </span>
    </p>
   </div>
   <div class='ocr_carea' id='block_1_3' title="bbox 146 3029 1421 3115">
    <p class='ocr_par' dir='ltr' id='par_1_4' title="bbox 146 3029 1421 3115">
     <span class='ocr_line' id='line_1_29' title="bbox 146 3029 1421 3115; baseline -0.002 -24"><span class='ocrx_word' id='word_1_260' title='bbox 146 3048 251 3091; x_wconf 87' lang='lat' dir='ltr'><strong>nervae</strong></span> <span class='ocrx_word' id='word_1_261' title='bbox 278 3029 470 3092; x_wconf 91' lang='lat' dir='ltr'><strong>sollemnibus</strong></span> <span class='ocrx_word' id='word_1_262' title='bbox 493 3033 620 3093; x_wconf 86' lang='lat' dir='ltr'><strong>summis</strong></span> <span class='ocrx_word' id='word_1_263' title='bbox 642 3042 793 3114; x_wconf 89' lang='lat' dir='ltr'><strong>tamqnam</strong></span> <span class='ocrx_word' id='word_1_264' title='bbox 817 3033 908 3096; x_wconf 89' lang='lat' dir='ltr'><strong>totius</strong></span> <span class='ocrx_word' id='word_1_265' title='bbox 930 3032 1031 3115; x_wconf 91' lang='lat' dir='ltr'><strong>populi</strong></span> <span class='ocrx_word' id='word_1_266' title='bbox 1054 3034 1164 3096; x_wconf 92' lang='lat' dir='ltr'><strong>donum</strong></span> <span class='ocrx_word' id='word_1_267' title='bbox 1189 3031 1421 3104; x_wconf 79' lang='lat' dir='ltr'><strong>offerebatur⁴⁸).</strong></span> 
     </span>
    </p>
   </div>
   <div class='ocr_carea' id='block_1_4' title="bbox 146 3168 1421 3300">
    <p class='ocr_par' dir='ltr' id='par_1_5' title="bbox 146 3168 1421 3300">
     <span class='ocr_line' id='line_1_30' title="bbox 146 3168 1421 3300; baseline -0.008 -73"><span class='ocrx_word' id='word_1_268' title='bbox 146 3235 167 3287; x_wconf 71' lang='grc' dir='ltr'><strong><em>Η</em></strong></span> <span class='ocrx_word' id='word_1_269' title='bbox 188 3169 278 3300; x_wconf 59' lang='grc' dir='ltr'><strong>112ἶῖ)</strong></span> <span class='ocrx_word' id='word_1_270' title='bbox 296 3168 447 3236; x_wconf 85' lang='lat' dir='ltr'><strong>Philippidis</strong></span> <span class='ocrx_word' id='word_1_271' title='bbox 466 3171 555 3222; x_wconf 87' lang='lat' dir='ltr'><strong>comici</strong></span> <span class='ocrx_word' id='word_1_272' title='bbox 574 3169 664 3233; x_wconf 81' lang='lat' dir='ltr'><strong>fragm.</strong></span> <span class='ocrx_word' id='word_1_273' title='bbox 677 3171 725 3222; x_wconf 87' lang='lat' dir='ltr'><strong>lue.</strong></span> <span class='ocrx_word' id='word_1_274' title='bbox 740 3173 805 3238; x_wconf 81' lang='lat' dir='ltr'><strong>apud</strong></span> <span class='ocrx_word' id='word_1_275' title='bbox 818 3171 886 3223; x_wconf 90' lang='lat' dir='ltr'><strong>Plut.</strong></span> <span class='ocrx_word' id='word_1_276' title='bbox 903 3172 1013 3224; x_wconf 86' lang='lat' dir='ltr'><strong>Demetr.</strong></span> <span class='ocrx_word' id='word_1_277' title='bbox 1028 3170 1075 3224; x_wconf 84' lang='lat' dir='ltr'><strong>xtt</strong></span> <span class='ocrx_word' id='word_1_278' title='bbox 1094 3171 1223 3236; x_wconf 71' lang='lat' dir='ltr'><strong>(blaineis</strong></span> <span class='ocrx_word' id='word_1_279' title='bbox 1236 3173 1261 3234; x_wconf 84' lang='grc'><strong>4,</strong></span> <span class='ocrx_word' id='word_1_280' title='bbox 1273 3169 1421 3231; x_wconf 66' lang='lat' dir='ltr'><strong>dle-4753</strong></span> 
     </span>
    </p>
   </div>
   <div class='ocr_carea' id='block_1_5' title="bbox 146 3317 1425 4450">
    <p class='ocr_par' dir='ltr' id='par_1_6' title="bbox 247 3317 1188 3388">
     <span class='ocr_line' id='line_1_31' title="bbox 247 3317 1188 3388; baseline 0.005 -21"><span class='ocrx_word' id='word_1_281' title='bbox 247 3317 280 3381; x_wconf 74' lang='lat'><strong>⁴³)</strong></span> <span class='ocrx_word' id='word_1_282' title='bbox 298 3318 328 3369; x_wconf 94' lang='lat' dir='ltr'><strong>de</strong></span> <span class='ocrx_word' id='word_1_283' title='bbox 346 3319 472 3372; x_wconf 85' lang='lat' dir='ltr'><strong>homiuum</strong></span> <span class='ocrx_word' id='word_1_284' title='bbox 491 3321 644 3385; x_wconf 75' lang='lat' dir='ltr'><strong>imaginibus</strong></span> <span class='ocrx_word' id='word_1_285' title='bbox 663 3323 687 3371; x_wconf 90' lang='lat' dir='ltr'><strong>iu</strong></span> <span class='ocrx_word' id='word_1_286' title='bbox 707 3322 780 3388; x_wconf 92' lang='lat' dir='ltr'><strong>peplo</strong></span> <span class='ocrx_word' id='word_1_287' title='bbox 799 3321 876 3388; x_wconf 85' lang='lat' dir='ltr'><strong>pictis</strong></span> <span class='ocrx_word' id='word_1_288' title='bbox 895 3336 919 3371; x_wconf 89' lang='lat' dir='ltr'><strong>v.</strong></span> <span class='ocrx_word' id='word_1_289' title='bbox 933 3322 951 3372; x_wconf 94' lang='lat' dir='ltr'><strong>i.</strong></span> <span class='ocrx_word' id='word_1_290' title='bbox 970 3328 1022 3372; x_wconf 90' lang='lat' dir='ltr'><strong>not.</strong></span> <span class='ocrx_word' id='word_1_291' title='bbox 1036 3321 1066 3372; x_wconf 81' lang='lat' dir='ltr'><strong>‘ll</strong></span> <span class='ocrx_word' id='word_1_292' title='bbox 1087 3322 1112 3372; x_wconf 90' lang='lat' dir='ltr'><strong>iu</strong></span> <span class='ocrx_word' id='word_1_293' title='bbox 1131 3322 1188 3372; x_wconf 89' lang='lat' dir='ltr'><strong>line.</strong></span> 
     </span>
    </p>

    <p class='ocr_par' dir='ltr' id='par_1_7' title="bbox 146 3400 1423 3621">
     <span class='ocr_line' id='line_1_32' title="bbox 246 3400 1423 3472; baseline 0 -22"><span class='ocrx_word' id='word_1_294' title='bbox 246 3400 278 3463; x_wconf 80' lang='lat'><strong>⁴⁴)</strong></span> <span class='ocrx_word' id='word_1_295' title='bbox 296 3401 321 3451; x_wconf 90' lang='lat' dir='ltr'><strong>iu</strong></span> <span class='ocrx_word' id='word_1_296' title='bbox 340 3403 418 3453; x_wconf 89' lang='lat' dir='ltr'><strong>titulo</strong></span> <span class='ocrx_word' id='word_1_297' title='bbox 437 3402 517 3456; x_wconf 83' lang='grc'>11163</span> <span class='ocrx_word' id='word_1_298' title='bbox 537 3420 585 3472; x_wconf 87' lang='lat' dir='ltr'><strong>quo</strong></span> <span class='ocrx_word' id='word_1_299' title='bbox 604 3404 749 3455; x_wconf 77' lang='lat' dir='ltr'><strong>accuratius</strong></span> <span class='ocrx_word' id='word_1_300' title='bbox 768 3404 799 3454; x_wconf 89' lang='lat' dir='ltr'><strong>ds</strong></span> <span class='ocrx_word' id='word_1_301' title='bbox 817 3404 943 3455; x_wconf 87' lang='lat' dir='ltr'><strong>minorum</strong></span> <span class='ocrx_word' id='word_1_302' title='bbox 955 3402 1189 3456; x_wconf 77' lang='lat' dir='ltr'><strong>Panathenueoruru</strong></span> <span class='ocrx_word' id='word_1_303' title='bbox 1202 3418 1289 3470; x_wconf 83' lang='lat' dir='ltr'><strong>pompa</strong></span> <span class='ocrx_word' id='word_1_304' title='bbox 1302 3409 1329 3453; x_wconf 88' lang='lat' dir='ltr'><strong>et</strong></span> <span class='ocrx_word' id='word_1_305' title='bbox 1341 3401 1423 3452; x_wconf 85' lang='lat' dir='ltr'><strong>sacri·</strong></span> 
     </span>
     <span class='ocr_line' id='line_1_33' title="bbox 146 3480 1423 3553; baseline 0.001 -23"><span class='ocrx_word' id='word_1_306' title='bbox 146 3480 205 3531; x_wconf 86' lang='lat' dir='ltr'><strong>flcio</strong></span> <span class='ocrx_word' id='word_1_307' title='bbox 224 3483 310 3544; x_wconf 86' lang='lat' dir='ltr'><strong>ugitur</strong></span> <span class='ocrx_word' id='word_1_308' title='bbox 330 3484 400 3534; x_wconf 90' lang='lat' dir='ltr'><strong>nullo</strong></span> <span class='ocrx_word' id='word_1_309' title='bbox 420 3486 499 3537; x_wconf 87' lang='lat' dir='ltr'><strong>verbo</strong></span> <span class='ocrx_word' id='word_1_310' title='bbox 518 3487 588 3553; x_wconf 89' lang='lat' dir='ltr'><strong>pepli</strong></span> <span class='ocrx_word' id='word_1_311' title='bbox 607 3485 701 3537; x_wconf 86' lang='lat' dir='ltr'><strong>mentio</strong></span> <span class='ocrx_word' id='word_1_312' title='bbox 720 3486 756 3536; x_wconf 84' lang='lat' dir='ltr'><strong>ut.</strong></span> <span class='ocrx_word' id='word_1_313' title='bbox 789 3487 855 3552; x_wconf 89' lang='lat' dir='ltr'><strong>quod</strong></span> <span class='ocrx_word' id='word_1_314' title='bbox 868 3487 893 3538; x_wconf 92' lang='lat' dir='ltr'><strong>iu</strong></span> <span class='ocrx_word' id='word_1_315' title='bbox 908 3487 942 3538; x_wconf 86' lang='lat' dir='ltr'><strong>liu</strong></span> <span class='ocrx_word' id='word_1_316' title='bbox 954 3487 1046 3553; x_wconf 78' lang='lat' dir='ltr'><strong>lapidis</strong></span> <span class='ocrx_word' id='word_1_317' title='bbox 1058 3485 1183 3553; x_wconf 77' lang='lat' dir='ltr'><strong>partibus,</strong></span> <span class='ocrx_word' id='word_1_318' title='bbox 1202 3500 1265 3551; x_wconf 81' lang='lat' dir='ltr'><strong>quae</strong></span> <span class='ocrx_word' id='word_1_319' title='bbox 1283 3485 1423 3550; x_wconf 86' lang='lat' dir='ltr'><strong>perierunt,</strong></span> 
     </span>
     <span class='ocr_line' id='line_1_34' title="bbox 147 3560 733 3621; baseline 0.015 -9"><span class='ocrx_word' id='word_1_320' title='bbox 147 3560 241 3614; x_wconf 83' lang='lat' dir='ltr'><strong>lectum</strong></span> <span class='ocrx_word' id='word_1_321' title='bbox 260 3579 317 3615; x_wconf 88' lang='lat' dir='ltr'><strong>esse</strong></span> <span class='ocrx_word' id='word_1_322' title='bbox 337 3566 477 3619; x_wconf 86' lang='lat' dir='ltr'><strong>verisimile</strong></span> <span class='ocrx_word' id='word_1_323' title='bbox 497 3569 598 3619; x_wconf 86' lang='lat' dir='ltr'><strong>omuino</strong></span> <span class='ocrx_word' id='word_1_324' title='bbox 618 3585 666 3619; x_wconf 89' lang='lat' dir='ltr'><strong>uon</strong></span> <span class='ocrx_word' id='word_1_325' title='bbox 686 3575 733 3621; x_wconf 87' lang='lat' dir='ltr'><strong>est.</strong></span> 
     </span>
    </p>

    <p class='ocr_par' dir='ltr' id='par_1_8' title="bbox 146 3643 1423 3958">
     <span class='ocr_line' id='line_1_35' title="bbox 247 3643 1422 3718; baseline -0.005 -22"><span class='ocrx_word' id='word_1_326' title='bbox 247 3643 330 3709; x_wconf 66' lang='grc' dir='ltr'><strong>46)α1.</strong></span> <span class='ocrx_word' id='word_1_327' title='bbox 351 3655 402 3698; x_wconf 91' lang='lat' dir='ltr'><strong>uot.</strong></span> <span class='ocrx_word' id='word_1_328' title='bbox 416 3648 457 3700; x_wconf 86' lang='grc'><strong>33.</strong></span> <span class='ocrx_word' id='word_1_329' title='bbox 486 3667 540 3702; x_wconf 88' lang='lat' dir='ltr'><strong>curn</strong></span> <span class='ocrx_word' id='word_1_330' title='bbox 554 3652 665 3718; x_wconf 86' lang='lat' dir='ltr'><strong>spatium</strong></span> <span class='ocrx_word' id='word_1_331' title='bbox 683 3653 785 3716; x_wconf 83' lang='lat' dir='ltr'><strong>longum</strong></span> <span class='ocrx_word' id='word_1_332' title='bbox 804 3651 945 3716; x_wconf 76' lang='lat' dir='ltr'><strong>siguiheuri</strong></span> <span class='ocrx_word' id='word_1_333' title='bbox 964 3649 1137 3700; x_wconf 81' lang='lat' dir='ltr'><strong>necessarium</strong></span> <span class='ocrx_word' id='word_1_334' title='bbox 1156 3652 1233 3708; x_wconf 83' lang='lat' dir='ltr'><strong>esset,</strong></span> <span class='ocrx_word' id='word_1_335' title='bbox 1253 3643 1422 3693; x_wconf 85' lang='lat' dir='ltr'><strong>Philemonem</strong></span> 
     </span>
     <span class='ocr_line' id='line_1_36' title="bbox 146 3717 1423 3801; baseline -0.011 -18"><span class='ocrx_word' id='word_1_336' title='bbox 146 3729 204 3783; x_wconf 73' lang='grc' dir='ltr'><strong>τοῖς</strong></span> <span class='ocrx_word' id='word_1_337' title='bbox 220 3717 351 3795; x_wconf 64' lang='grc' dir='ltr'><strong>μεγάλοις</strong></span> <span class='ocrx_word' id='word_1_338' title='bbox 368 3733 576 3798; x_wconf 75' lang='grc' dir='ltr'><strong><em>Παναθηναίοις</em></strong></span> <span class='ocrx_word' id='word_1_339' title='bbox 592 3735 729 3801; x_wconf 83' lang='lat' dir='ltr'><strong>scripsisse</strong></span> <span class='ocrx_word' id='word_1_340' title='bbox 749 3750 829 3801; x_wconf 88' lang='lat' dir='ltr'><strong>neque</strong></span> <span class='ocrx_word' id='word_1_341' title='bbox 848 3734 898 3783; x_wconf 90' lang='lat' dir='ltr'><strong>uisi</strong></span> <span class='ocrx_word' id='word_1_342' title='bbox 917 3732 973 3782; x_wconf 89' lang='lat' dir='ltr'><strong>illis</strong></span> <span class='ocrx_word' id='word_1_343' title='bbox 991 3728 1090 3796; x_wconf 87' lang='lat' dir='ltr'><strong>peplum</strong></span> <span class='ocrx_word' id='word_1_344' title='bbox 1109 3728 1164 3777; x_wconf 87' lang='lat' dir='ltr'><strong>eius</strong></span> <span class='ocrx_word' id='word_1_345' title='bbox 1183 3723 1339 3789; x_wconf 84' lang='lat' dir='ltr'><strong>temporibus</strong></span> <span class='ocrx_word' id='word_1_346' title='bbox 1353 3723 1423 3771; x_wconf 89' lang='lat' dir='ltr'><strong>ohla-</strong></span> 
     </span>
     <span class='ocr_line' id='line_1_37' title="bbox 147 3800 1423 3882; baseline -0.002 -24"><span class='ocrx_word' id='word_1_347' title='bbox 147 3815 200 3859; x_wconf 87' lang='lat' dir='ltr'><strong>tum</strong></span> <span class='ocrx_word' id='word_1_348' title='bbox 218 3824 274 3860; x_wconf 87' lang='lat' dir='ltr'><strong>csse</strong></span> <span class='ocrx_word' id='word_1_349' title='bbox 293 3816 389 3861; x_wconf 88' lang='lat' dir='ltr'><strong>eertum</strong></span> <span class='ocrx_word' id='word_1_350' title='bbox 408 3821 454 3864; x_wconf 90' lang='lat' dir='ltr'><strong>est.</strong></span> <span class='ocrx_word' id='word_1_351' title='bbox 500 3817 573 3880; x_wconf 90' lang='lat' dir='ltr'><strong>quod,</strong></span> <span class='ocrx_word' id='word_1_352' title='bbox 600 3832 631 3865; x_wconf 88' lang='lat' dir='ltr'><strong>ue</strong></span> <span class='ocrx_word' id='word_1_353' title='bbox 658 3818 714 3882; x_wconf 89' lang='lat' dir='ltr'><strong>quis</strong></span> <span class='ocrx_word' id='word_1_354' title='bbox 733 3814 850 3866; x_wconf 81' lang='lat' dir='ltr'><strong>Plautum</strong></span> <span class='ocrx_word' id='word_1_355' title='bbox 878 3826 966 3864; x_wconf 83' lang='lat' dir='ltr'><strong>vocem</strong></span> <span class='ocrx_word' id='word_1_356' title='bbox 984 3800 1167 3871; x_wconf 72' lang='grc' dir='ltr'><strong><em>Παναθήναια</em></strong></span> <span class='ocrx_word' id='word_1_357' title='bbox 1188 3805 1334 3869; x_wconf 76' lang='lat' dir='ltr'><strong>inquinem</strong></span> <span class='ocrx_word' id='word_1_358' title='bbox 1357 3818 1423 3852; x_wconf 79' lang='lat' dir='ltr'><strong>aureo</strong></span> 
     </span>
     <span class='ocr_line' id='line_1_38' title="bbox 147 3891 583 3958; baseline 0.014 -16"><span class='ocrx_word' id='word_1_359' title='bbox 147 3906 243 3958; x_wconf 84' lang='lat' dir='ltr'><strong>quoque</strong></span> <span class='ocrx_word' id='word_1_360' title='bbox 260 3891 373 3943; x_wconf 86' lang='lat' dir='ltr'><strong>vertisse</strong></span> <span class='ocrx_word' id='word_1_361' title='bbox 391 3895 467 3956; x_wconf 78' lang='lat' dir='ltr'><strong>dicut,</strong></span> <span class='ocrx_word' id='word_1_362' title='bbox 487 3912 583 3948; x_wconf 86' lang='lat' dir='ltr'><strong>nonen.</strong></span> 
     </span>
    </p>

    <p class='ocr_par' dir='ltr' id='par_1_9' title="bbox 148 3965 1422 4125">
     <span class='ocr_line' id='line_1_39' title="bbox 247 3965 1422 4047; baseline -0.005 -23"><span class='ocrx_word' id='word_1_363' title='bbox 247 3973 278 4036; x_wconf 82' lang='lat'><strong>⁴⁶)</strong></span> <span class='ocrx_word' id='word_1_364' title='bbox 297 3974 414 4040; x_wconf 73' lang='lat' dir='ltr'><strong>Apollod.</strong></span> <span class='ocrx_word' id='word_1_365' title='bbox 432 3974 517 4042; x_wconf 81' lang='grc'>11114,</span> <span class='ocrx_word' id='word_1_366' title='bbox 537 3977 568 4030; x_wconf 84' lang='grc' dir='ltr'><strong>α1.</strong></span> <span class='ocrx_word' id='word_1_367' title='bbox 587 3996 650 4047; x_wconf 84' lang='lat' dir='ltr'><strong>quac</strong></span> <span class='ocrx_word' id='word_1_368' title='bbox 677 3982 708 4032; x_wconf 89' lang='lat' dir='ltr'><strong>de</strong></span> <span class='ocrx_word' id='word_1_369' title='bbox 727 3976 888 4030; x_wconf 84' lang='lat' dir='ltr'><strong>Erichthonii</strong></span> <span class='ocrx_word' id='word_1_370' title='bbox 917 3970 1045 4026; x_wconf 85' lang='lat' dir='ltr'><strong>institutis</strong></span> <span class='ocrx_word' id='word_1_371' title='bbox 1071 3968 1180 4036; x_wconf 77' lang='lat' dir='ltr'><strong>quaein</strong></span> <span class='ocrx_word' id='word_1_372' title='bbox 1199 3966 1304 4019; x_wconf 74' lang='lat' dir='ltr'><strong>Atthide</strong></span> <span class='ocrx_word' id='word_1_373' title='bbox 1324 3965 1422 4018; x_wconf 84' lang='lat' dir='ltr'><strong>relere-</strong></span> 
     </span>
     <span class='ocr_line' id='line_1_40' title="bbox 148 4053 545 4125; baseline 0.018 -21"><span class='ocrx_word' id='word_1_374' title='bbox 148 4053 239 4106; x_wconf 82' lang='lat' dir='ltr'><strong>huutur</strong></span> <span class='ocrx_word' id='word_1_375' title='bbox 257 4055 325 4107; x_wconf 77' lang='lat' dir='ltr'><strong>iufra</strong></span> <span class='ocrx_word' id='word_1_376' title='bbox 345 4058 450 4122; x_wconf 83' lang='lat' dir='ltr'><strong>exposui</strong></span> <span class='ocrx_word' id='word_1_377' title='bbox 468 4075 491 4125; x_wconf 93' lang='lat' dir='ltr'><strong>p.</strong></span> <span class='ocrx_word' id='word_1_378' title='bbox 505 4059 545 4111; x_wconf 79' lang='lat'><strong>28.</strong></span> 
     </span>
    </p>

    <p class='ocr_par' dir='ltr' id='par_1_10' title="bbox 247 4135 492 4204">
     <span class='ocr_line' id='line_1_41' title="bbox 247 4135 492 4204; baseline 0.02 -18"><span class='ocrx_word' id='word_1_379' title='bbox 247 4137 279 4200; x_wconf 80' lang='lat'><strong>⁴⁷)</strong></span> <span class='ocrx_word' id='word_1_380' title='bbox 299 4135 330 4187; x_wconf 84' lang='lat' dir='ltr'><strong>cf.</strong></span> <span class='ocrx_word' id='word_1_381' title='bbox 351 4137 492 4204; x_wconf 82' lang='lat' dir='ltr'><strong>Plyuteriu.</strong></span> 
     </span>
    </p>

    <p class='ocr_par' dir='ltr' id='par_1_11' title="bbox 149 4213 1425 4450">
     <span class='ocr_line' id='line_1_42' title="bbox 248 4213 1425 4288; baseline -0.006 -18"><span class='ocrx_word' id='word_1_382' title='bbox 248 4219 281 4283; x_wconf 79' lang='lat'><strong>⁴⁸)</strong></span> <span class='ocrx_word' id='word_1_383' title='bbox 300 4219 399 4286; x_wconf 87' lang='lat' dir='ltr'><strong>peplum</strong></span> <span class='ocrx_word' id='word_1_384' title='bbox 426 4228 550 4288; x_wconf 78' lang='lat' dir='ltr'><strong>tamquam</strong></span> <span class='ocrx_word' id='word_1_385' title='bbox 578 4226 663 4277; x_wconf 79' lang='lat' dir='ltr'><strong>ovium</strong></span> <span class='ocrx_word' id='word_1_386' title='bbox 687 4221 847 4277; x_wconf 84' lang='lat' dir='ltr'><strong>educationis</strong></span> <span class='ocrx_word' id='word_1_387' title='bbox 872 4216 1002 4285; x_wconf 79' lang='lat' dir='ltr'><strong>primitias</strong></span> <span class='ocrx_word' id='word_1_388' title='bbox 1020 4213 1132 4266; x_wconf 80' lang='lat' dir='ltr'><strong>oblatum</strong></span> <span class='ocrx_word' id='word_1_389' title='bbox 1151 4228 1208 4265; x_wconf 88' lang='lat' dir='ltr'><strong>esse</strong></span> <span class='ocrx_word' id='word_1_390' title='bbox 1226 4213 1311 4265; x_wconf 88' lang='lat' dir='ltr'><strong>conici</strong></span> <span class='ocrx_word' id='word_1_391' title='bbox 1328 4214 1425 4280; x_wconf 81' lang='lat' dir='ltr'><strong>possit3</strong></span> 
     </span>
     <span class='ocr_line' id='line_1_43' title="bbox 149 4295 1425 4367; baseline 0 -21"><span class='ocrx_word' id='word_1_392' title='bbox 149 4298 192 4346; x_wconf 89' lang='lat' dir='ltr'><strong>sed</strong></span> <span class='ocrx_word' id='word_1_393' title='bbox 211 4315 290 4365; x_wconf 89' lang='lat' dir='ltr'><strong>neque</strong></span> <span class='ocrx_word' id='word_1_394' title='bbox 308 4304 443 4367; x_wconf 85' lang='lat' dir='ltr'><strong>quotannis</strong></span> <span class='ocrx_word' id='word_1_395' title='bbox 462 4304 563 4357; x_wconf 86' lang='lat' dir='ltr'><strong>oblutus</strong></span> <span class='ocrx_word' id='word_1_396' title='bbox 590 4314 630 4358; x_wconf 85' lang='lat' dir='ltr'><strong>est</strong></span> <span class='ocrx_word' id='word_1_397' title='bbox 656 4314 683 4358; x_wconf 86' lang='lat' dir='ltr'><strong>et</strong></span> <span class='ocrx_word' id='word_1_398' title='bbox 701 4321 715 4357; x_wconf 85' lang='grc' dir='ltr'>ι</span> <span class='ocrx_word' id='word_1_399' title='bbox 734 4301 887 4354; x_wconf 79' lang='lat' dir='ltr'><strong>necessitate</strong></span> <span class='ocrx_word' id='word_1_400' title='bbox 906 4299 1029 4361; x_wconf 84' lang='lat' dir='ltr'><strong>originem</strong></span> <span class='ocrx_word' id='word_1_401' title='bbox 1048 4297 1133 4359; x_wconf 79' lang='lat' dir='ltr'><strong>durit3</strong></span> <span class='ocrx_word' id='word_1_402' title='bbox 1157 4311 1213 4346; x_wconf 85' lang='lat' dir='ltr'><strong>uam</strong></span> <span class='ocrx_word' id='word_1_403' title='bbox 1233 4304 1262 4346; x_wconf 87' lang='lat' dir='ltr'><strong>ut</strong></span> <span class='ocrx_word' id='word_1_404' title='bbox 1279 4295 1380 4346; x_wconf 78' lang='lat' dir='ltr'><strong>maritis</strong></span> <span class='ocrx_word' id='word_1_405' title='bbox 1399 4303 1425 4346; x_wconf 89' lang='lat' dir='ltr'><strong>et</strong></span> 
     </span>
     <span class='ocr_line' id='line_1_44' title="bbox 150 4377 1078 4450; baseline 0 -23"><span class='ocrx_word' id='word_1_406' title='bbox 150 4378 220 4440; x_wconf 79' lang='lat' dir='ltr'><strong>liliis,</strong></span> <span class='ocrx_word' id='word_1_407' title='bbox 239 4380 274 4430; x_wconf 79' lang='lat' dir='ltr'><strong>ita</strong></span> <span class='ocrx_word' id='word_1_408' title='bbox 294 4379 400 4434; x_wconf 77' lang='lat' dir='ltr'><strong>feminae</strong></span> <span class='ocrx_word' id='word_1_409' title='bbox 418 4385 503 4450; x_wconf 79' lang='lat' dir='ltr'><strong>ligneo</strong></span> <span class='ocrx_word' id='word_1_410' title='bbox 523 4387 656 4440; x_wconf 79' lang='lat' dir='ltr'><strong>Minervae</strong></span> <span class='ocrx_word' id='word_1_411' title='bbox 675 4384 813 4439; x_wconf 78' lang='lat' dir='ltr'><strong>simulacro</strong></span> <span class='ocrx_word' id='word_1_412' title='bbox 832 4387 929 4432; x_wconf 84' lang='lat' dir='ltr'><strong>vestem</strong></span> <span class='ocrx_word' id='word_1_413' title='bbox 948 4377 1078 4429; x_wconf 81' lang='lat' dir='ltr'><strong>texebant.</strong></span> 
     </span>
    </p>
   </div>
   <div class='ocr_carea' id='block_1_6' title="bbox 0 0 1578 5056">
    <p class='ocr_par' dir='ltr' id='par_1_12' title="bbox 0 0 1578 5056">
     <span class='ocr_line' id='line_1_45' title="bbox 0 0 1578 5056; baseline 0 0"><span class='ocrx_word' id='word_1_414' title='bbox 0 0 1578 5056; x_wconf 95' lang='lat' dir='ltr'><strong> </strong></span> 
     </span>
    </p>
   </div>
  </div>
 </body>
</html>
