3128 5100
670 246 889 311 ...88-

138 427 271 487 niensem
305 443 364 485 non
399 423 494 484 solum
530 423 625 484 tribus
655 421 750 484 titulis
773 432 867 485 aetate
890 423 1022 484 Romana
1045 421 1192 501 iucisis⁸¹)
1214 432 1245 484 et
1266 441 1336 498 uno,
1370 424 1421 503 qni

139 524 329 585 Macedonum
355 521 537 600 temporibus
560 521 693 601 sculptus
716 518 815 601 est³²).
845 522 990 596 novimus,
1022 520 1184 583 sedetiam
1208 520 1421 603 Lysimachidis

139 621 300 701 heortologi
334 620 514 690 testimonio,
543 620 622 700 quod
656 628 702 681 est
731 619 808 700 apud
838 619 926 699 Harp.
950 638 1007 680 s.'
1049 618 1222 700 σκτρον”).
1269 621 1315 681 vel
1344 619 1423 682 anti-

128 720 293 799 ‘quiorihus
315 719 405 799 igitur
428 719 612 799 temporibus
634 718 714 781 hunc
735 720 849 781 cultum
872 718 1020 780 exstitisse
1042 729 1156 780 certum
1180 729 1235 780 est.

238 819 288 879 sed
320 818 351 879 in
373 817 493 879 Atthide
515 817 749 898 Pyanopsiorum
780 817 908 879 iresiona
931 817 1047 898 publica
1070 818 1197 898 Apollini
1218 817 1318 880 offerri
1340 817 1424 879 dice·
1515 895 1517 899 .

140 916 235 977 batur.
279 917 358 996 quod
391 935 407 977 e
440 915 587 992 lexicis⁸⁴)
614 927 644 978 et
673 916 862 978 ePlutarclri
885 916 960 977 vitae
983 916 1090 978 Thesei
1112 917 1257 997 capitibus
1280 916 1370 979 xllll.
1393 925 1425 978 et

140 1015 241 1076 llxlll.
270 1015 372 1077 elucet.
418 1015 563 1076 accedunt
595 1015 704 1077 scholia
737 1016 767 1076 in
798 1016 1025 1096 Aristophanem
1060 1026 1179 1096 praeter
1211 1016 1282 1078 illud
1317 1033 1422 1077 unum.

139 1114 298 1176 Pausanias
327 1123 424 1176 autem
456 1114 486 1175 in
517 1113 611 1175 lexico
635 1114 730 1175 Attico
756 1114 828 1176 haec
849 1117 911 1175 iere
933 1114 1065 1195 scripsit:
1099 1110 1272 1197 εἰρεσιώνη
1294 1109 1424 1186 θαλλὸς

140 1209 254 1285 ἐλαίας
287 1210 483 1295 ἐστεμμένος
516 1209 609 1293 ἐρίων
645 1214 956 1294 προσκρεμαμένοος
990 1209 1073 1292 ἔχων
1095 1202 1278 1294 διαφόρους
1307 1209 1343 1274 ἐν
1365 1212 1424 1294 γῆς

141 1302 303 1392 καρπούς·
347 1310 465 1373 τοῦτον
496 1307 628 1392 ἐκφέροι
658 1319 741 1384 παῖς
771 1305 973 1393 ἀμφιθαλὴς
999 1310 1054 1372 καὶ
1077 1313 1197 1395 τίθησι
1220 1310 1286 1390 πρὸ
1308 1310 1425 1393 θυρῶν

140 1411 199 1471 τοῦ
218 1403 426 1482 ’Λπόλλωνος
450 1405 539 1490 ἱεροῦ
562 1406 597 1470 ἐν
612 1417 683 1483 τοϊς
702 1411 922 1492 Ποανοψίοις.
955 1421 1018 1472 tum
1041 1410 1120 1472 idem
1139 1411 1247 1472 aetium
1264 1410 1424 1482 Theseum,

142 1508 220 1586 quod
248 1507 327 1587 apud
349 1507 542 1569 Plutarchum
570 1517 625 1581 est,
659 1527 694 1568 ex
716 1508 836 1570 Atthide
858 1508 1002 1589 sequitur.
1048 1509 1174 1589 Apollini
1195 1509 1286 1588 igitur
1308 1508 1425 1590 Ppano·

143 1606 273 1684 psiorum
303 1606 430 1668 iresiona
459 1605 623 1668 ducebatur
644 1616 732 1686 atque
754 1607 824 1668 item
856 1607 891 1668 de
914 1606 1136 1686 Thargeliorum
1160 1607 1286 1669 iresiona
1308 1607 1425 1687 publica

141 1704 331 1765 iudicandum
355 1714 408 1765 est.

246 1811 346 1875 restat,
370 1814 404 1864 ut
426 1821 534 1883 pompa
557 1803 613 1878 illa,
644 1823 719 1884 quae
741 1804 817 1884 apud
840 1803 1038 1884 Porphyrium
1061 1814 1116 1873 est.
1147 1816 1247 1868 utrum
1271 1803 1306 1864 ad
1329 1803 1426 1865 'Phar'-

143 1901 214 1980 gelia
242 1920 278 1962 an
305 1901 340 1962 ad
365 1901 527 1982 Pyanopsia
551 1902 703 1963 reserenda
726 1902 773 1974 sit,
804 1901 1007 1963 diiudicemus.
1052 1901 1141 1981 quod,
1175 1919 1243 1964 cum
1267 1901 1366 1964 Solem
1396 1911 1427 1963 et

144 2001 237 2061 Horas
260 2020 275 2061 e
299 2001 490 2063 sollemnibus
513 2000 637 2080 puhlicis
661 2000 883 2071 removerimus.
914 2000 996 2061 lacile
1029 2001 1092 2062 lieri
1114 2010 1224 2082 potest3
1254 2017 1323 2060 nam
1348 1999 1425 2072 talia,

143 2097 239 2178 qualia
272 2098 453 2178 Porphyrius
489 2109 658 2172 enumerat,
696 2100 727 2160 in
760 2100 983 2180 Thargeliorum
1021 2119 1128 2181 pompa
1166 2099 1252 2160 ducta
1288 2117 1354 2160 esse
1391 2117 1427 2160 ex

144 2195 280 2276 llesyehii
314 2195 410 2256 verbis
442 2206 572 2277 apparet.
617 2206 719 2259 contra
753 2197 926 2277 Pyanopsiis
959 2208 1076 2278 praeter
1108 2197 1266 2259 iresionam
1290 2230 1332 2242 -
1354 2215 1423 2258 uam

145 2293 346 2374 Oschophoria
376 2293 516 2355 huonon
539 2294 751 2375 pertinent-
775 2296 884 2357 nullam
908 2314 1048 2377 pompam
1071 2296 1237 2358 institutam
1261 2313 1327 2357 esse
1349 2294 1425 2356 ridi-

145 2410 221 2454 mus.
265 2392 479 2455 lectisternium
503 2392 581 2454 enim
605 2402 689 2455 erant
711 2390 752 2454 τὰ
777 2388 970 2477 Ποανόψια.
1035 2414 1040 2425 ’

611 2654 965 2717 ΒΕΝΔΙΔΕΙΑ.

245 2820 399 2881 Bendidois
433 2821 651 2884 undevicesimo
681 2821 883 2901 'l'hargelionis
916 2821 964 2883 die
997 2821 1072 2883 duae
1105 2841 1229 2903 pompae
1262 2823 1292 2883 in
1322 2822 1428 2886 Piraeo

145 2918 327 2979 ducebantur
338 2919 370 2997 1).
406 2937 474 2979 cum
498 2930 596 2982 autem
613 2920 657 2981 rel
680 2939 758 2981 anno
773 2917 892 2994 429.s8.
909 2919 1017 2981 bondis
1039 2920 1092 2980 dea
1107 2920 1222 3001 publica
1239 2921 1427 2985 Atheniensis

146 3016 276 3094 luerit²)‚
300 3035 439 3096 magnum
463 3019 650 3092 sacrificium,
674 3018 753 3099 quod
775 3018 954 3099 respublica
971 3019 1159 3080 Atheniensis
1182 3020 1299 3081 saeculo
1320 3029 1428 3099 quarto

146 3115 268 3176 Bendidi
301 3114 465 3190 laciehat⁸),
499 3116 556 3179 iarn
590 3119 695 3197 quinto
726 3117 841 3178 saeculo
875 3120 984 3178 lactum
1015 3136 1080 3178 esse
1110 3118 1306 3181 censebimus.
1350 3137 1427 3199 quos

145 3213 234 3274 boves
249 3212 421 3275 Piraeenses
442 3214 500 3294 ipsi
523 3216 553 3277 in
576 3235 685 3296 pompa
708 3216 862 3289 ducebant,
885 3234 954 3277 cam
970 3216 1099 3278 Thraces
1122 3216 1257 3298 proprios
1275 3217 1427 3279 offerrent

146 3312 248 3374 ambas
270 3321 369 3374 autem
393 3332 516 3393 pompas
540 3315 642 3376 eodem
667 3326 801 3395 tempore
824 3316 927 3376 ductas
949 3333 1014 3376 esse
1035 3333 1069 3375 ea
1091 3315 1127 3376 de
1147 3334 1235 3377 causa
1255 3314 1431 3378 verisimile

146 3421 200 3485 est,
234 3411 315 3492 quod
344 3411 446 3474 Graeci
479 3431 583 3476 omnes
617 3433 750 3495 pompas,
785 3413 892 3492 quibus
927 3413 1042 3494 superis
1076 3413 1189 3475 hostiae
1219 3413 1428 3487 offerebantur,

149 3519 280 3589 tempore
313 3511 460 3573 matutino
493 3512 679 3584 ducebant⁴).
730 3511 878 3573 Thracum
911 3509 1002 3590 igitur
1034 3529 1171 3592 pompam
1202 3510 1428 3574 Atheniensium

247 3748 279 3815 ⁸¹)
297 3749 328 3800 lll
344 3749 391 3801 126
410 3757 437 3800 et
454 3750 519 3813 2023
538 3751 596 3801 ³1³.
632 3753 658 3802 in
676 3751 743 3802 sslls
761 3766 824 3818 quas
842 3751 867 3801 in
885 3750 988 3801 theatro
1006 3758 1109 3817 reperta
1127 3759 1179 3803 ests
1205 3750 1304 3822 lapelee
1323 3747 1426 3804 Ἠλίου.

148 3831 213 3881 unde
232 3831 326 3881 cultum
346 3830 473 3895 publicum
492 3831 572 3883 luisse
591 3833 714 3885 ridemus.

249 3912 280 3973 ³²)
301 3910 410 3962 111585.

248 3991 281 4057 ³³)
298 3990 416 4058 Toepller
436 3992 490 4042 Att.
510 3989 572 4042 Gen.
592 4008 614 4058 p.
631 3993 736 4059 illiso,
753 3991 786 4043 ol.
805 3993 1007 4066 i.‚Sciropboris
1027 3999 1077 4042 not.
1091 3994 1116 4043 t.

248 4072 440 4140 ³⁴)1Pansaniss
467 4073 581 4123 atticista
608 4075 673 4140 apud
701 4073 817 4124 Enststb.
841 4091 864 4140 p.
879 4074 954 4136 128³,
971 4074 1060 4140 hipp,
1087 4073 1158 4124 Snid.
1185 4077 1227 4136 (=
1246 4075 1325 4126 schol.
1346 4076 1428 4127 Arist.

149 4155 216 4207 Plnt
233 4157 318 4218 1054),
337 4155 378 4206 lte.
398 4155 431 4206 ll.
450 4144 600 4224 εἰρεσιώνη.

248 4237 268 4298 ¹)
289 4236 354 4287 Plat.
373 4252 416 4287 res
435 4236 503 4301 publ.
521 4252 544 4303 p.
558 4235 628 4286 atta
648 4252 702 4286 cuna
720 4235 828 4300 scholio,
846 4233 877 4286 ef.
896 4251 920 4303 p.
933 4236 1018 4300 aas„
1038 4236 1122 4289 Procl.
1141 4238 1171 4289 sd
1184 4237 1247 4288 Tim.
1267 4255 1290 4305 p.
1303 4238 1349 4303 st,
1366 4238 1427 4290 tta.

251 4318 272 4384 ²)
291 4317 345 4369 ClA
358 4317 367 4368 l
381 4317 430 4368 210
449 4315 490 4380 tir.
512 4318 546 4381 li).

249 4401 270 4458 ⁸)
289 4398 341 4450 Clh
357 4398 377 4449 ll
389 4399 469 4450 'ldlA
487 4399 546 4450 ins
564 4406 590 4449 st
610 4398 632 4449 b.

251 4482 271 4543 ⁴)
290 4481 459 4548 tullionysia
478 4487 530 4532 not.
544 4482 568 4530 9.
