3128 5100
751 238 969 304 ..80-

219 428 303 482 eatae
325 418 462 479 videntur
483 415 601 493 essen).
630 416 661 479 in
684 417 847 499 puellarum
877 434 985 498 pompa
1015 434 1080 478 esse
1110 415 1214 478 ductas
1242 414 1386 478 affirmari
1408 433 1499 496 neque

220 530 320 580 utrum
352 537 409 580 uua
439 517 583 599 epuellis
612 537 649 579 an
672 518 809 579 sacerdos
832 516 981 579 termitem
1004 515 1175 597 portaverit,
1205 513 1361 578 diiudicari
1391 525 1498 598 potest:

218 617 276 690 τὰς
299 613 398 697 κόρας
420 617 614 698 πέμπουσιν
637 611 835 696 ἱλασομένας
857 614 905 688 είς
929 610 1121 698 Δελφίνιον.

512 880 822 962 ΜΟΥΝΙΧΙΛ.
867 877 1208 940 ΒΡΛΥΡΩΝΙΑ.

319 1044 467 1106 Munichia
489 1053 519 1106 et
541 1044 701 1106 Brauronia
731 1043 820 1105 simul
850 1053 976 1106 tractare
1004 1045 1035 1104 iu
1062 1042 1162 1105 animo
1192 1051 1246 1115 est,
1280 1041 1352 1122 quia
1373 1051 1405 1104 et
1427 1041 1498 1103 ceri·

220 1145 335 1206 mouiae
357 1154 387 1205 et
408 1144 522 1205 fabulae
544 1162 580 1203 er
602 1143 638 1204 iis
660 1154 741 1205 ortae
763 1143 930 1204 simillimae
952 1152 1024 1205 sunt
1045 1143 1123 1204 inter
1144 1161 1186 1204 se.
1230 1159 1372 1222 pompam
1403 1151 1497 1203 autem

218 1243 275 1305 illis
298 1244 416 1304 ductam
440 1261 504 1303 esse
528 1240 707 1318 traditum),
731 1242 777 1303 luis
800 1241 860 1302 reri
883 1241 977 1302 simile
999 1250 1053 1303 eat.

319 1353 406 1421 atquc
444 1342 572 1421 primum
610 1350 640 1402 et
673 1340 742 1402 huic
775 1351 805 1402 et
838 1340 880 1402 illi
912 1339 1021 1402 Dianae
1053 1330 1166 1420 puella'e
1200 1350 1350 1419 umquam
1385 1336 1497 1420 ἄρκτοι

220 1438 427 1517 serviebant2),
463 1450 526 1501 tum
560 1441 677 1519 utrique
709 1458 813 1520 caprae
846 1438 1118 1514 immolabantur⁸);
1152 1449 1302 1520 praeterea
1331 1437 1499 1500 hraurouiis

221 1541 370 1600 homiuem
394 1539 424 1600 iu
448 1539 522 1600 collo
540 1541 723 1600 vulneratum
745 1557 809 1599 esse
817 1537 840 1615 ⁴)
856 1549 886 1599 et
900 1539 1084 1619 canephoros
1099 1538 1277 1618 processisse
1287 1534 1321 1613 ⁸),
1344 1535 1499 1598 bluuichiis

321 1714 354 1776 ¹¹)
373 1730 397 1764 v.
415 1712 511 1762 aetium
529 1710 654 1763 Theseum
673 1711 741 1762 Plut.
761 1711 778 1762 l.
792 1728 821 1774 o,
840 1711 978 1764 Mommsen
998 1727 1020 1778 p.
1033 1711 1090 1764 lbl.

321 1792 776 1857 ¹)c1a11468v.1³,totv.to.

319 1876 342 1933 ’l
361 1877 441 1926 Arist
461 1875 572 1942 Lysistr.
592 1891 646 1926 cum
674 1876 773 1925 scholio
791 1874 867 1939 (nude
886 1876 977 1925 Suidae
1002 1871 1099 1940 ἄρκτος
1124 1866 1369 1942 ἦΒραυρωνίοιιλ,
1397 1870 1498 1921 Crateri

221 1959 388 2024 oppleuerant
414 1952 477 2023 apud
498 1958 574 2022 hlarp.
592 1950 745 2024 ἀρκτεῦσιιι,
773 1957 816 2022 qni
836 1957 1032 2023 Aristophanem
1058 1958 1084 2006 iu
1104 1955 1217 2006 Lemniis
1243 1961 1271 2005 et
1297 1953 1324 2004 ia
1344 1952 1499 2019 Lysistrata,
1560 2010 1563 2015 ¹

222 2036 367 2102 Euripidem
395 2040 420 2089 in
440 2039 581 2105 Hypsipyle
608 2039 672 2089 hauc
689 2039 852 2089 acrimoniam
871 2052 1081 2089 corrtmamorneee
1099 2038 1180 2088 tradit
1197 2035 1357 2101 (Euripidem
1376 2036 1455 2085 etiam
1473 2034 1497 2085 ia

221 2117 367 2185 Iphigeniae
387 2118 513 2168 Tauricae
539 2121 645 2186 prologo
671 2121 737 2168 hune
760 2134 855 2169 morem
879 2127 1005 2169 tractasse
1028 2119 1140 2169 coniecit
1166 2120 1196 2167 de
1216 2116 1394 2168 Wilamowita
1417 2115 1497 2165 llerm.

223 2198 303 2250 xvlll
323 2217 344 2266 p.
355 2199 413 2261 254,
423 2200 456 2258 2).
484 2199 710 2267 Harpocrationem
731 2201 892 2267 epitomatum
907 2201 999 2251 Suidaa
1017 2199 1165 2266 exscripsit.
1192 2197 1249 2250 llea.
1269 2192 1360 2268 ἄρκος,
1378 2193 1496 2264 desereto,

222 2272 362 2349 ἀρκτεὺειν
385 2283 506 2333 breviter.
543 2282 651 2332 fabulam
678 2281 830 2333 llunicbiam
853 2281 994 2333 Pausaniae
1021 2282 1102 2332 tradit
1126 2281 1191 2348 apud
1214 2279 1330 2331 Eustatb.
1349 2295 1373 2346 p.
1385 2276 1495 2340 mih,

222 2363 254 2415 el.
274 2364 324 2414 lex.
343 2361 504 2428 Saruenvl.
524 2363 621 2414 heller
640 2379 655 2430 p
676 2365 734 2414 444.
770 2364 836 2414 idem
863 2364 927 2429 apud
946 2364 1016 2413 Snid.
1033 2358 1172 2432 Ἐυραρός
1189 2363 1248 2430 elpes
1273 2369 1300 2413 et
1326 2375 1438 2428 paruam.
1456 2373 1494 2424 gr.

222 2445 242 2497 ll
260 2463 284 2513 p.
297 2446 355 2497 aet.
392 2448 416 2496 in
444 2461 475 2497 ea
502 2445 602 2496 lahulae
629 2444 717 2510 forma,
744 2459 806 2511 qnae
825 2453 865 2497 eat
884 2447 906 2494 in
926 2460 1036 2511 paroem.
1055 2443 1064 2495 l
1082 2461 1106 2511 p.
1118 2445 1177 2506 402,
1203 2443 1306 2495 Crateri
1327 2445 1495 2510 ψηφίσματα

222 2529 412 2590 cognoscimus:
431 2528 635 2597 ψηφισαμένων
652 2525 681 2580 δέ
699 2527 753 2578 τῶν
766 2523 919 2592 Ἀθηναίων
936 2528 990 2579 κτλ.
1008 2554 1041 2564 -
1059 2525 1168 2577 fabulam
1181 2525 1348 2576 Brauroniam
1366 2538 1380 2573 e
1399 2523 1497 2574 Phana-

224 2610 291 2660 demi
310 2608 341 2660 ir.
357 2610 396 2663 ll.
416 2611 575 2661 restituimus
594 2609 644 2672 (er.
664 2609 697 2660 ll.
716 2600 886 2676 ταυροπόλον
904 2608 1025 2675 patet
1053 2622 1085 2658 ex
1105 2607 1258 2673 Apollodori
1280 2607 1343 2678 περ)
1360 2605 1444 2672 aedo,
1471 2620 1493 2654 a.

221 2693 251 2741 de
266 2690 440 2742 Wilemowitz
459 2691 542 2740 llerru.
560 2688 643 2740 xvtll
662 2706 685 2756 p.
698 2690 756 2754 259,
769 2692 803 2755 27,
822 2689 853 2741 cl.
873 2691 952 2741 schol.
972 2690 1052 2740 haist.
1072 2689 1133 2757 [ττι.
1154 2689 1171 2738 l.
1191 2706 1213 2740 c.

319 2773 340 2835 ⁸)
359 2773 423 2837 quod
444 2772 581 2822 Munichiis
599 2769 693 2822 lactum
712 2787 768 2823 ease
786 2789 800 2823 e
818 2771 902 2823 fabula
929 2773 1021 2835 elucet,
1049 2771 1197 2822 Brauroniis
1215 2769 1274 2822 llas.
1292 2786 1312 2822 a.
1331 2785 1356 2821 r.
1375 2777 1495 2822 testatur.

221 2867 296 2918 capra
316 2853 411 2903 Dianae
430 2854 513 2903 hostia
532 2854 664 2904 sollemnia
683 2862 730 2918 est,
757 2853 789 2904 ci.
808 2849 979 2924 Χαριστήμια
996 2853 1042 2919 τῆς
1064 2853 1094 2907 έν
1110 2853 1272 2921 Μαραθῶνι
1291 2857 1376 2918 νίκης.
1410 2853 1496 2919 (teati-

221 2935 303 2984 monia
321 2934 427 2996 collegit
445 2932 658 2987 Prellar-llobert
674 2934 685 2985 l
703 2952 725 3001 p.
739 2936 797 2997 302,
810 2936 846 2996 4.)
881 2936 928 2986 hoc
955 2934 1107 2985 eacrihcium
1134 2934 1214 2985 schol.
1234 2937 1278 2984 dr.
1296 2934 1358 3002 [ττι.
1379 2935 1396 2985 l.
1415 2951 1438 2986 c.
1456 2948 1496 2984 re·

220 3016 310 3082 spicit:
331 3017 488 3067 συνετίλουν
506 3010 555 3080 τὴν
573 3020 676 3070 θυσίαν
692 3017 735 3080 reis
752 3021 929 3088 Βραυρωνίαι
944 3013 1084 3084 Ἀρτέμιδι
1107 3017 1152 3066 καλ
1171 3017 1214 3081 raia
1232 3019 1385 3084 Μουνιχίαι
1402 3019 1450 3078 (ιο.
1468 3013 1498 3065 αλ

221 3092 324 3164 ἄρκτοι)
343 3125 375 3134 -
394 3096 536 3149 ἐπετέλουν
557 3097 585 3150 ol
612 3095 661 3164 τὴν
678 3103 779 3150 θυσίαν
803 3098 831 3148 nl
857 3090 935 3167 κόραι
961 3095 1202 3165 ἐκμειλισσόμενοι
1226 3095 1276 3162 τὴν
1292 3093 1360 3150 θεὸν
1376 3098 1431 3149 κτλ.
1466 3097 1496 3148 ad

221 3180 286 3230 idem
306 3194 438 3245 caprarum
458 3180 620 3244 sacrificium,
648 3182 712 3246 quod
732 3188 789 3246 poet
808 3196 915 3247 pugnam
933 3180 1098 3230 Salaminiam
1117 3178 1298 3246 amplificatum
1317 3186 1366 3242 est,
1394 3179 1496 3230 titulum

221 3261 367 3327 ephebicum
387 3259 407 3311 ll
420 3261 469 3311 467
484 3279 508 3312 v.
521 3261 566 3312 20:
585 3259 753 3326 ἐποιήσαντο
773 3260 804 3313 δὲ
821 3264 866 3313 καλ
885 3263 927 3326 τῆι
946 3261 1058 3330 πομπῆι
1075 3257 1194 3329 ἅμιλλαν
1205 3261 1234 3313 έν
1245 3257 1297 3312 τῶί
1305 3262 1403 3330 λιμένι,
1421 3277 1497 3331 περι·

220 3343 356 3394 ἔπλευσαν
382 3341 410 3395 δέ
436 3343 482 3393 καὶ
507 3344 545 3400 είς
562 3345 720 3411 Μουνιχίαν
746 3345 791 3394 καὶ
817 3343 922 3396 ἔθυσαν
947 3344 992 3406 ripa
1017 3344 1085 3395 eset
1111 3341 1271 3394 referendum
1290 3358 1348 3395 aeae
1366 3359 1381 3394 a
1398 3357 1496 3410 pugnae

221 3425 398 3476 Marathoniae
410 3424 625 3477 Charisteriorum
644 3426 814 3476 similitudine
833 3427 956 3476 concludo
970 3425 1071 3491 (ephebi
1083 3442 1173 3492 caprae
1187 3426 1305 3492 propriae
1316 3426 1342 3477 in
1355 3426 1498 3478 bestiarum

221 3508 319 3568 agmine
338 3508 433 3558 maiore
447 3509 566 3573 videntur
579 3507 702 3572 duxisse).
729 3514 841 3558 ceterum
855 3510 951 3560 rectius
969 3509 1092 3574 seriptum
1111 3515 1179 3558 esset
1198 3504 1374 3572 inoleverit
1390 3508 1438 3559 καλ
1454 3506 1499 3571 τῆι

220 3585 311 3655 deperit
327 3581 447 3654 ἅμιλλαν
464 3588 493 3641 έν
510 3589 561 3639 τῶι
578 3591 676 3656 λιμένι,
704 3590 906 3657 περιέπλευσαν
923 3589 1014 3642 δὲκαὶ
1036 3589 1073 3647 είς
1091 3591 1252 3656 Μουνιχίαν
1267 3591 1313 3640 καλ
1332 3586 1438 3640 ἔθυσαν
1454 3587 1499 3654 τῆι

221 3669 289 3720 deuia
308 3667 349 3732 τῐμ
367 3670 502 3738 πομυῆιῚ
518 3671 602 3722 scriba
621 3671 731 3722 lortaase
750 3671 812 3721 duos
831 3672 933 3723 dativoe
950 3686 1070 3737 separare
1089 3671 1172 3722 voluit
1189 3671 1258 3721 inter
1275 3686 1311 3722 ae.
1324 3699 1357 3709 -
1369 3677 1454 3722 restat
1470 3677 1499 3720 ut

222 3749 381 3801 Mommsenii
400 3752 544 3817 opinionem
564 3751 688 3814 refellam,
714 3755 758 3820 qni
783 3755 911 3805 sacrificia
939 3755 1039 3804 omuino
1067 3751 1133 3804 lacta
1153 3768 1201 3802 non
1220 3768 1287 3816 esee,
1313 3745 1501 3824 scalpantur

223 3848 285 3882 voce
311 3835 398 3883 θυσία
425 3832 564 3896 significari
592 3842 664 3900 putat
682 3835 831 3902 (p.458,1).
867 3837 931 3902 qnod
951 3833 1108 3895 Ger-hardus,
1134 3851 1206 3902 quern
1225 3835 1403 3886 Mommaeeiua
1425 3835 1499 3898 citat,

222 3915 308 3965 dicere
327 3915 417 3966 noluit.
449 3931 504 3965 nam
522 3916 545 3965 ai
565 3931 609 3981 pro
628 3916 770 3968 hominibus
789 3919 886 3969 bestiae
905 3917 1107 3978 immolabantur,
1126 3932 1158 3967 en
1170 3916 1220 3981 bia,
1238 3933 1286 3966 nou
1305 3931 1337 3967 ex
1354 3915 1499 3967 bominibus
1541 3918 1546 3925 '

222 3996 374 4047 sacrificium
393 3996 534 4048 constabat.
565 4014 589 4049 v.
606 3999 657 4048 lex.
671 3999 776 4061 Seguer.
792 3998 832 4050 Vl.
852 3999 952 4051 Bekher
965 4016 988 4067 p.
999 4000 1049 4049 444
1066 4000 1112 4050 καλ
1129 3991 1214 4056 ἄλλοις
1232 3993 1376 4068 ripuariam
1394 3998 1500 4065 λέγεται

219 4074 249 4129 τὸ
269 4073 362 4148 ὥσπερ
379 4072 491 4148 ἄριστον
506 4070 729 4148 ἀφοσιώσασθαι
746 4080 790 4144 nir
805 4077 942 4151 Ἀρτέμιδι
960 4083 1006 4132 καλ
1023 4080 1121 4134 diune:
1148 4077 1246 4146 ἄρκτοι
1273 4080 1355 4143 igitur
1372 4079 1500 4131 saeriileia

221 4159 356 4212 iaciebant.
392 4177 440 4227 quo
467 4177 543 4212 sensu
562 4160 684 4228 Didymus
711 4163 737 4212 iu
765 4178 795 4213 eo
823 4164 900 4226 libro,
926 4179 998 4230 quem
1022 4163 1099 4213 etiam
1118 4163 1164 4213 bac
1183 4163 1214 4213 de
1232 4178 1261 4214 re
1278 4162 1445 4230 conseripsit,
1470 4158 1500 4214 τὸ

220 4235 363 4311 ἀρκτεύειν
380 4232 529 4296 δεκατεύειν
546 4244 725 4311 appellaverat
743 4244 792 4306 laia
811 4244 939 4296 Demosth.
959 4251 985 4295 et
1003 4243 1073 4310 Lyn,
1092 4241 1125 4296 cl.
1145 4244 1221 4311 liarp.
1240 4234 1417 4310 δεκατεύειν).

321 4326 343 4388 ⁴)
362 4324 421 4376 Eur.
440 4324 492 4393 lpb.
510 4325 587 4378 Taur.
604 4326 667 4378 1458
677 4342 713 4394 sq.

321 4405 343 4471 ⁸)
361 4407 530 4460 Philochorus
557 4408 583 4460 in
611 4408 707 4461 acholio
727 4408 824 4472 6694,
852 4405 885 4460 cl.
903 4407 998 4459 Dianae
1016 4407 1171 4461 Brauroniae
1198 4409 1311 4461 canistra
1338 4407 1391 4460 Clh
1410 4405 1432 4460 ll
1450 4407 1500 4460 tet

222 4486 301 4554 neo,
321 4489 371 4541 755
391 4489 470 4555 nte,
489 4491 538 4543 766
559 4491 620 4543 nt.
