3126 5056
667 265 919 328 ..42-.

137 444 319 521 debaturll),
344 453 456 524 mystae
477 453 592 516 autem,
621 461 688 504 cum
713 461 765 523 per
787 453 869 523 prata
891 442 993 504 dorida
1017 452 1200 520 vagarentur,
1234 442 1419 523 pannychida

138 543 390 621 instituebant⁶⁴).

238 643 296 704 iam
313 661 387 723 quae
402 660 528 722 pompae
550 660 671 720 magnae
687 640 814 720 origines
829 650 858 701 et
880 651 984 702 natura
1008 640 1116 702 luerint
1134 640 1295 701 videamus.
1334 649 1422 719 atque

137 743 222 815 inde,
257 743 335 821 quod
368 741 425 802 nisi
455 750 613 821 postquam
640 741 753 801 Eleusis
777 740 899 801 Athenis
926 740 1056 800 subiecta
1083 749 1145 812 est,
1170 757 1277 820 pompa
1305 738 1422 800 institui

137 860 196 902 non
218 849 341 921 poterat,
364 839 539 902 ordiendum
557 850 611 901 est.
646 838 888 920 superstitionem
904 839 993 918 igitur
1008 839 1159 918 antiquam
1176 856 1301 919 pompae
1317 838 1422 898 formis

138 958 306 1020 expressam
348 958 413 1000 esse
453 957 542 1001 nemo
581 938 789 1019 suspicabitur.
846 938 896 999 sed
928 957 981 1019 pro
1012 957 1054 1012 ea,
1084 957 1142 1018 qua
1172 937 1228 998 luit
1256 957 1272 998 a
1304 937 1422 998 saeculo

139 1039 244 1119 quinto
284 1042 388 1111 forma,
431 1038 638 1118 mysteriorum
679 1056 787 1119 pompa
825 1056 936 1112 earum,
972 1037 1080 1118 quibus
1110 1038 1233 1101 deorum
1265 1040 1424 1102 simulacra

139 1137 361 1200 deducebantur
391 1155 581 1218 pomparum,
615 1137 694 1199 velut
729 1135 947 1218 Plynteriorum
977 1146 1029 1198 aut
1061 1136 1284 1217 Dionysiorum,
1316 1139 1423 1201 similis

140 1237 255 1298 ridetur
294 1256 372 1298 esse:
434 1255 502 1297 narn
541 1235 638 1298 Iacchi
689 1236 881 1298 simulacrum
923 1235 1059 1297 Eleusina
1101 1236 1232 1312 ducitur,
1283 1238 1420 1300 lecchum

141 1345 252 1416 mystae
275 1344 394 1406 canunt,
421 1335 458 1396 ab
480 1335 583 1396 lacobo
605 1335 667 1397 dies
690 1338 783 1398 festus
806 1345 837 1397 et
859 1355 965 1416 pompa
991 1335 1055 1416 ipsa
1081 1354 1189 1397 nomen
1216 1337 1422 1412 duxerootth,

140 1444 173 1496 ut
195 1435 316 1496 lacobus
339 1434 395 1496 n'te
418 1434 448 1495 in
471 1453 579 1515 pompa
603 1435 766 1510 veheretur,
791 1444 892 1515 postea
916 1434 1052 1496 sacerdos
1079 1434 1272 1516 lacchagogus
1295 1437 1422 1510 exstitit3

139 1533 235 1595 lacchi
275 1533 367 1613 igitur
406 1533 543 1595 deductio
583 1552 692 1615 pompa
734 1553 837 1614 magna
878 1533 993 1594 videtur
1026 1551 1100 1594 esse.
1151 1545 1181 1596 at
1223 1536 1294 1596 haec
1327 1555 1423 1616 neque

140 1633 222 1712 origo
249 1650 347 1712 neque
375 1633 464 1693 etiam
494 1633 611 1695 saeculo
637 1633 787 1714 quintollt
816 1651 942 1713 pompae
972 1640 1076 1692 natura
1107 1643 1179 1707 erat,
1209 1652 1423 1716 namapugna

142 1731 298 1794 Salaminia
328 1731 424 1792 lacchi
453 1730 544 1810 gloria
570 1750 636 1793 orsa
666 1731 756 1806 estlly
787 1750 884 1811 neque
913 1729 1078 1809 antiquitus
1104 1731 1200 1793 lacehi
1229 1731 1421 1795 simulacrum

140 1833 171 1894 in
201 1853 309 1915 pompa
339 1833 461 1895 ductum
491 1852 556 1895 esse
586 1833 784 1895 demonstrari
814 1842 921 1914 potest.
974 1833 1067 1894 immo
1099 1850 1206 1913 pompa
1236 1830 1305 1892 inde
1335 1832 1425 1912 origi-

141 1951 209 1993 nem
241 1931 334 2005 duxit,
375 1933 454 2012 quod
484 1933 554 1994 deae
584 1931 748 1994 Eleusiniae
774 1931 862 1994 etiam
893 1940 1050 2012 postquam
1078 1931 1180 1992 civitas
1210 1928 1359 1991 Eleusinia
1389 1930 1425 1990 ab

141 2030 372 2092 Atheniensibus
393 2031 524 2094 subiecta
546 2041 600 2104 est,
630 2031 776 2104 Eleusine,
807 2049 866 2093 non
891 2030 1014 2092 Athenis
1041 2029 1221 2092 habitabant.
1262 2029 1424 2090 Athenien-

65 2204 73 2212 ·
142 2149 189 2190 ses
219 2129 309 2208 igitur
337 2130 373 2190 ad
401 2130 538 2210 mysteria
565 2130 736 2192 celebranda
764 2129 901 2191 Eleusina
931 2129 1079 2210 proficisci
1118 2127 1317 2189 necessarium
1349 2137 1425 2188 erat:

144 2227 222 2307 quod
252 2227 291 2289 ita
317 2228 471 2301 iaciebant,
503 2237 535 2290 ut
564 2246 701 2309 pompam
735 2246 871 2308 magnam
898 2227 1097 2289 instituerent.
1143 2236 1175 2287 ut
1194 2235 1293 2287 autern
1317 2236 1426 2306 mystae

144 2327 338 2388 Athenienses
369 2345 481 2400 omnes,
511 2327 551 2389 ita
571 2327 693 2389 lacobus
722 2327 795 2388 deus
822 2327 965 2408 mysticus
994 2326 1192 2398 Atheniensis,
1222 2324 1274 2404 qui
1304 2325 1427 2386 Athenis

145 2447 213 2489 cum
243 2436 337 2488 matre
366 2437 489 2488 etcum
520 2426 578 2487 lilia
608 2427 687 2488 haud
713 2426 796 2488 aliter
822 2427 998 2488 coniunctus
1025 2435 1088 2488 erat
1113 2435 1201 2504 atque
1227 2423 1427 2504 Triptolemus

146 2525 291 2600 Eleusine,
333 2526 402 2587 deas
431 2525 537 2586 adibat.
583 2525 677 2587 multo
717 2525 827 2587 rectius
853 2525 943 2604 igitur
968 2525 1081 2586 Cereris
1111 2524 1157 2586 illa
1188 2541 1280 2595 sacra,
1310 2524 1427 2603 quibus,

145 2646 213 2688 cum
231 2627 359 2687 Athenas
381 2633 660 2704 transportarentur,
686 2643 774 2704 quam
801 2634 863 2685 arte
883 2624 935 2685 dea
961 2643 1029 2685 curn
1057 2623 1128 2686 urbe
1155 2624 1310 2687 coniuncta
1341 2636 1428 2704 esset,

146 2725 372 2805 significabatur,
402 2743 418 2783 a
448 2721 551 2802 mystis
581 2722 703 2783 deducta
734 2741 799 2783 esse
828 2722 885 2784 dici
914 2731 1049 2803 possunt.
1091 2741 1159 2784 nam
1186 2722 1274 2785 Ceres
1299 2725 1428 2787 Athenas

148 2823 289 2898 veniebat,
328 2831 361 2883 ut
399 2829 509 2902 mystas
549 2820 584 2881 ad
616 2821 752 2900 mysteria
788 2821 960 2883 celebranda
1001 2839 1102 2882 secum
1132 2820 1269 2883 Eleusina
1299 2822 1427 2886 duceret.

147 2923 261 3004 qualem
290 2939 415 3002 pompae
445 2927 580 2980 naturam
611 2919 702 2980 luisse
732 2928 814 2999 puto.

250 3021 322 3082 haec
363 3018 453 3098 igitur
495 3027 649 3081 constant:
686 3017 850 3097 antiquitus
882 3026 992 3097 mystae
1023 3037 1130 3098 pompa
1162 3037 1265 3095 magna
1292 3017 1427 3081 instituta

149 3121 285 3182 Eleusina
327 3139 359 3181 se
400 3119 604 3193 conterebant3
646 3117 731 3178 cuius
772 3117 897 3196 agminis
941 3116 970 3176 in
1013 3116 1108 3198 capite
1145 3116 1260 3178 Cereris
1298 3117 1428 3198 symbola

148 3238 230 3280 sacra
259 3217 463 3299 portabantur.
509 3228 618 3298 postea,
649 3225 792 3295 quantum
823 3215 942 3294 quidem
974 3214 1090 3276 videtur
1119 3233 1180 3276 non
1206 3224 1274 3276 ante
1299 3235 1427 3297 pugnam

149 3317 347 3390 Salaminiam,
378 3317 508 3389 lacchus,
539 3316 592 3396 qui
616 3333 684 3376 cum
713 3313 941 3375 Atheniensibus
964 3314 1056 3375 artius
1079 3332 1168 3393 quam
1195 3332 1262 3375 eum
1288 3315 1428 3395 symbolis

148 3418 238 3479 sacris
268 3416 450 3490 cohaerebat,
481 3415 570 3478 simul
600 3413 735 3475 Eleusina
762 3412 980 3490 ducebatur⁶⁸).
1012 3412 1116 3474 deinde
1142 3413 1262 3474 lacchus
1289 3414 1428 3494 paulatim

250 3646 281 3705 θ’)
300 3641 354 3696 CIA
372 3642 438 3709 th,
452 3643 523 3694 385d
543 3660 567 3694 v.
589 3642 621 3691 20
640 3641 678 3706 (ol
696 3639 868 3708 ἐπιμεληταὶ)
886 3635 1100 3707 ἐπεμελήθησαν
1119 3637 1150 3692 δὲ
1171 3641 1217 3690 καὶ
1234 3638 1279 3704 τῆς
1296 3636 1429 3691 Ἐλευσῖνι

149 3728 198 3777 τοῦ
215 3720 341 3794 Ἰαόκχου
358 3720 497 3792 ὑποδοχῆς
515 3724 580 3790 quod
599 3721 780 3773 Mommseoins
800 3739 822 3788 p.
836 3721 920 3787 233,2
940 3737 988 3771 oon
1013 3729 1084 3772 recte
1102 3722 1186 3772 eiecit.
1206 3722 1250 3773 sed
1268 3737 1317 3787 qno
1336 3722 1429 3789 templo

149 3809 253 3860 lncchus
277 3816 395 3873 receptus
414 3808 450 3857 sit
469 3807 604 3856 nescimus.

251 3891 283 3954 ⁸⁴)
302 3891 347 3940 Ar,
366 3887 428 3939 Rau.
449 3889 495 3937 3'11
510 3903 545 3952 sq.

251 3972 283 4032 ω)
302 3971 385 4022 Strab.
400 3969 435 4034 X,
450 3970 481 4020 ld
494 3986 516 4035 p.
528 3968 577 4019 468
588 3967 619 4030 Cy
640 3967 704 4017 Plut.
718 3966 786 4018 Cam.
800 3963 873 4028 XlX,
891 3963 967 4016 Phoc.
981 3964 1101 4029 XXVlll,
1113 3965 1197 4017 Alcib.
1211 3965 1339 4030 XXXlV3
1358 3966 1429 4019 schol

151 4057 195 4106 Ar.
216 4053 276 4104 llan.
297 4051 346 4101 ³24
365 4059 391 4101 et
410 4050 475 4112 3993
494 4049 613 4116 Polyaen.
628 4046 660 4098 lll
676 4050 714 4108 ll,
729 4051 772 4110 ll;
793 4049 850 4099 llos.
864 4042 983 4116 Ἴακχον,
1002 4047 1074 4099 Phot.
1095 4049 1167 4099 Suid.
1181 4044 1295 4116 Ἴακχος.

252 4134 283 4194 ⁸⁸)
304 4150 327 4184 v.
348 4139 400 4182 oot.
419 4132 461 4182 58.

250 4215 282 4277 ι7)
301 4213 380 4281 liero,
398 4215 457 4264 Atb.
476 4212 546 4264 Alitt.
559 4210 630 4262 XVll
649 4228 671 4277 p.
687 4211 734 4264 1³8
744 4227 780 4278 sq.

251 4298 283 4361 ⁸⁸)
301 4299 366 4364 quod
398 4294 584 4360 Aristophanes
611 4295 702 4359 sensit,
731 4309 786 4344 cnm
813 4301 911 4362 mystas
930 4294 1063 4345 induceret
1089 4299 1211 4344 canentes
1237 4290 1287 4343 νῦν
1313 4291 1360 4341 καὶ
1385 4285 1431 4340 τὸν

151 4376 254 4450 ‹ipniov
271 4375 340 4432 θεὸν
358 4379 539 4449 παρακαλεῖτε
557 4374 639 4444 δεῦρο
657 4372 755 4427 olderico
772 4371 820 4426 τὸν
837 4377 1012 4447 ξυνέμπορον
1028 4371 1110 4437 τῆσδε
1127 4375 1176 4440 τῆς
1190 4376 1312 4442 χορείας.
1343 4367 1431 4438 Ἴακχε

150 4461 314 4530 πολυτίμητε
337 4463 417 4530 μέλος
434 4458 527 4529 ἑορτῆς
544 4453 659 4525 ἥδιστον
675 4448 771 4525 εὑρών,
797 4455 877 4528 δεῦρο
906 4447 1105 4511 συνακολούθει
1130 4452 1202 4524 πρὸς
1227 4453 1277 4519 τὴν
1302 4446 1371 4507 θεὸν
1387 4451 1431 4504 καὶ
