3126 5056
670 280 890 343 „91-

140 457 330 521 simulacrum
354 455 548 518 deducebant.
578 456 687 535 quain
712 476 816 538 pompa
841 452 982 539 παλάθη
1006 451 1165 538 praenota
1180 457 1312 537 expiandi
1330 476 1418 519 eausa

141 555 371 639 portabatur¹⁰l.
754 579 757 584 ·

240 665 305 716 tum
327 653 356 714 in
372 652 497 714 l‘balero
519 653 641 733 reliquis
662 652 793 715 dimissis
808 652 977 735 λοινιρίδες
999 653 1084 715 deam
1107 653 1216 715 nudam
1240 653 1419 734 lavabant¹¹)

139 763 227 833 atque
249 752 338 814 simul
360 770 429 813 oum
453 753 652 833 κατανίπῑην
675 752 794 832 peplum
820 752 956 815 videntur
978 753 1098 814 lavasse.
1144 771 1219 833 quae
1241 754 1311 814 dum
1337 754 1419 827 liunt,

139 850 246 913 ooeidit
268 851 326 912 sol:
361 850 453 912 taedis
480 849 569 930 igitur
591 850 781 912 inflammatis
805 849 934 911 Minerva
956 869 1061 912 rursus
1083 850 1113 911 in
1136 870 1233 912 aream
1257 851 1420 913 deduceba-

140 949 243 1026 tur¹¹).
287 967 363 1028 quae
392 958 492 1010 numm
515 948 672 1029 l‘lynteriis
702 949 921 1010 sacrificabatur
951 948 1013 1010 ovis
1037 958 1106 1010 tune
1128 949 1247 1010 demum
1270 949 1420 1012 immolata

141 1047 258 1110 ridetur
279 1046 402 1120 esse¹⁸).

239 1146 297 1208 iam
322 1145 500 1207 testimoniis
522 1145 692 1226 perquisitis
715 1156 745 1207 et
766 1145 874 1207 ritibus
897 1145 1088 1218 adumbratis,
1111 1165 1186 1225 quae
1202 1146 1419 1227 Plynteriorum

140 1253 244 1306 natum
266 1244 358 1306 fuerit
380 1244 539 1305 videamus.
578 1243 762 1324 Callynteriis
784 1255 882 1305 autem
908 1244 1050 1324 templum
1074 1255 1242 1323 purgatum,
1266 1244 1422 1325 Plynteriis

139 1353 171 1405 et
192 1352 320 1405 statuam
350 1351 380 1404 et
402 1353 512 1404 vestem
537 1343 627 1404 lotam
649 1361 714 1403 esse
737 1342 865 1404 vidimus
888 1361 984 1422 neque
1006 1343 1165 1422 quiequam
1188 1343 1327 1404 subtilius
1349 1342 1422 1404 sub·

141 1461 207 1502 esse
236 1441 446 1522 suspicandum
477 1451 530 1503 est.
576 1441 692 1521 qualem
715 1441 828 1503 eulturu
852 1440 1045 1502 simulacrum
1072 1442 1201 1520 ligneum
1225 1441 1423 1522 poscebat²⁴la

140 1550 228 1620 atque
250 1540 314 1602 aliis
337 1560 456 1620 quoque
478 1541 549 1602 loeis
573 1541 680 1621 templa
702 1551 813 1602 aestate
836 1540 958 1601 ineunte
980 1540 1236 1620 purgabantur¹⁸).

242 1639 292 1699 sed
326 1639 402 1720 apud
437 1657 541 1700 omnes
572 1640 697 1718 populos
730 1639 794 1720 pios
825 1639 1014 1719 purgationes
1037 1640 1127 1700 simul
1149 1639 1329 1720 expiationes
1352 1647 1424 1700 sunt

141 1747 228 1817 atque
250 1756 367 1819 semper
388 1737 534 1799 lavacrum
559 1738 734 1818 expiationis
757 1738 923 1818 symbolum
947 1737 1049 1811 est²⁶).
1081 1758 1149 1799 oum
1170 1747 1268 1800 autem
1289 1737 1424 1798 homines

141 1834 264 1896 lavando
294 1835 490 1916 expiarentur,
525 1835 647 1897 deorum
678 1837 789 1898 lavacra
819 1836 906 1898 etiam
931 1835 1023 1914 magis
1046 1855 1128 1898 saera
1150 1846 1243 1898 eraut.
1288 1835 1424 1916 expiandi

141 1935 232 2015 igitur
258 1937 284 1998 vi
312 1936 458 2017 Plynteria
491 1955 609 2016 quoque
642 1937 771 2017 praedita
806 1936 897 1998 tuisse
930 1937 1111 1999 censendum
1145 1945 1200 1996 est.
1245 1936 1322 2015 quod
1353 1934 1424 1996 setis

144 2034 246 2097 multis
278 2035 461 2114 argumentis
495 2035 697 2096 confirmatur.
742 2053 775 2096 ae
804 2036 934 2116 primum
968 2035 1088 2115 quidem
1116 2033 1333 2116 Plynterioruna
1363 2033 1425 2094 dies

144 2142 207 2194 erat
228 2129 265 2195 dv
279 2119 352 2205 eote
374 2129 519 2214 μάλιστα
542 2133 606 2194 τῶν
622 2126 888 2214 ἀποφράδων”’).
919 2133 1024 2196 deinde
1048 2143 1166 2213 tempus
1189 2131 1423 2212 pomeridianum

143 2231 367 2311 purgationibus
390 2242 491 2312 aptum
515 2232 607 2294 luisse
628 2230 837 2293 el‘bilooboro
860 2231 1034 2307 seimus²⁸);
1056 2231 1163 2293 facium
1184 2241 1283 2292 autern
1305 2240 1334 2292 et
1353 2232 1423 2292 lieo-

247 2533 280 2599 10)
299 2534 361 2586 duas
380 2549 481 2601 pompas
500 2533 644 2601 Plyuteriie
671 2533 760 2584 duetas
788 2548 845 2584 esee
870 2533 924 2584 veri
951 2532 1035 2584 simile
1063 2549 1111 2582 uon
1140 2540 1180 2584 eet
1205 2548 1284 2599 neque
1311 2533 1425 2599 placenta

145 2613 279 2666 sufficeret
296 2615 326 2666 ad
346 2630 457 2681 pompam
477 2616 666 2666 instituendam.

244 2708 275 2769 21)
294 2709 358 2774 quod
378 2708 553 2774 Praxiergidie
572 2711 638 2761 viris
656 2717 727 2761 nerto
747 2727 795 2760 nou
814 2709 916 2760 licebat.
947 2709 1184 2772 nominantem,
1203 2709 1267 2775 quod
1288 2715 1328 2760 eat
1343 2710 1426 2759 πλυν-

146 2786 244 2855 ιρίδες,
271 2790 369 2856 puellae
397 2792 495 2857 peplum
522 2807 620 2858 quoque
648 2793 751 2842 lavasse
777 2791 906 2857 aequitum
936 2806 991 2841 nam
1010 2791 1115 2840 verbum
1134 2783 1247 2842 πλύνειν
1263 2791 1294 2840 ad
1312 2790 1426 2840 boninus

149 2887 197 2922 nou
218 2873 338 2939 pertinet.

246 2967 277 3026 ¹²)
297 2983 353 3018 num
372 2965 441 3018 laces
461 2968 509 3017 iam
528 2973 590 3030 turn,
617 2983 672 3018 eom
697 2968 742 3017 dea
762 2982 793 3016 ex
812 2967 875 3018 urbe
893 2966 923 3016 ad
943 2964 1078 3016 Pbalerum
1098 2965 1277 3028 deduceretur,
1303 2965 1427 3029 arserint,

146 3049 237 3100 eonllei
256 3050 349 3115 nequit.
374 3049 418 3100 sed
438 3048 495 3099 deri
514 3048 630 3115 potuisse
649 3064 681 3100 ex
699 3063 738 3110 ea,
756 3065 802 3114 qua
822 3046 892 3100 lanes
904 3048 1034 3114 praeditae
1054 3056 1135 3110 erant,
1156 3048 1275 3113 expiandi
1289 3048 1316 3098 vi
1335 3048 1426 3098 elucet.

146 3131 220 3181 velut
244 3126 424 3199 ἇμφιφῶνιες
450 3131 492 3180 die
520 3131 545 3180 in
567 3128 751 3180 Muniebiorum
778 3145 867 3196 pompa
895 3129 1071 3195 portabantur.
1108 3130 1172 3194 quod
1200 3130 1277 3180 etiam
1300 3128 1376 3177 bodie
1401 3127 1427 3176 iu

147 3213 244 3278 pompis
262 3213 343 3263 saeris
363 3213 486 3264 videnua.
515 3226 570 3262 eom
589 3218 673 3262 autem
692 3211 764 3261 tituli
779 3212 856 3262 verba
876 3227 955 3277 neque
973 3211 1032 3261 baie
1046 3225 1124 3277 neque
1138 3211 1178 3260 illi
1192 3210 1304 3276 opinioni
1317 3207 1429 3270 faveant,

147 3301 176 3344 nt
193 3295 261 3344 illam
282 3291 422 3359 praeferam
440 3308 471 3344 eo
489 3308 661 3355 eommoveor,
679 3291 743 3358 qnod
762 3292 813 3343 nisi
827 3300 904 3343 noetn
917 3307 1029 3358 pompam
1043 3309 1090 3342 non
1105 3293 1215 3343 rediisse
1227 3291 1289 3342 aliia
1301 3290 1331 3340 de
1344 3289 1428 3341 causis

149 3376 308 3427 verisimile
327 3383 368 3426 est
386 3383 413 3426 et
431 3376 488 3441 qula
509 3372 578 3425 lasea
598 3374 716 3424 eumden
737 3374 819 3425 denuo
839 3374 865 3424 in
884 3389 956 3424 auum
975 3389 1076 3424 eaerum
1098 3374 1173 3424 dueta
1192 3373 1255 3424 bene
1273 3371 1429 3423 eonveuiunt

147 3458 203 3520 (Ar.
222 3455 289 3507 Plnt.
307 3456 368 3507 1191
381 3472 444 3523 squ,
462 3453 494 3506 el.
513 3455 636 3522 Dionysia
656 3462 707 3505 not.
724 3456 772 3522 11).

250 3550 281 3614 1θ)
302 3550 355 3602 cta
375 3549 412 3601 13
431 3550 514 3617 suppl.
528 3549 537 3600 1
553 3553 574 3602 l.

248 3645 279 3706 l⁴)
298 3643 330 3696 el.
346 3645 456 3696 Veneris
475 3653 501 3695 et
519 3644 617 3696 Suadae
635 3643 782 3708 simulacra,
810 3659 874 3711 qnae
903 3643 973 3693 lanta
1000 3648 1027 3693 et
1045 3642 1127 3693 denno
1147 3654 1256 3708 purpura
1276 3641 1343 3705 pieta
1362 3646 1429 3702 aunt,

148 3726 200 3780 clb
219 3726 253 3778 lV
267 3727 379 3792 2,311ο
398 3742 418 3776 r.
433 3725 541 3790 26-27,
561 3741 586 3776 v.
606 3727 623 3776 1.

249 3817 575 3882 21111111111011111.
596 3817 803 3871 RornaeVeetae
830 3817 907 3869 aedes
932 3815 1094 3883 purgabatur,
1124 3833 1148 3865 ν.
1168 3812 1222 3864 Cal.
1243 3812 1349 3876 Philon,
1375 3812 1428 3864 Cal.

150 3904 216 3956 Mad.
236 3912 263 3956 et
281 3905 376 3955 Veaue.
391 3901 471 3953 111111.
485 3901 539 3952 Cal.
552 3900 610 3963 tut,
628 3901 712 3952 Varro
731 3901 762 3952 de
782 3901 798 3950 l.
818 3898 884 3950 tvl
897 3898 938 3964 32,
958 3897 1050 3948 Festus
1070 3912 1091 3962 p.
1106 3896 1177 3947 teta
1192 3895 1232 3958 et,
1253 3896 1325 3946 tlte
1339 3895 1379 3958 1³,
1397 3892 1428 3945 el.

149 3986 244 4037 Jordan
264 3983 366 4052 Tempe!
385 3986 431 4035 der
443 3983 522 4035 Vesta
542 3999 564 4050 p.
579 3983 620 4033 to.
658 3982 808 4050 blarquardt
826 3981 911 4032 lloem.
930 3980 1101 4031 Staateverw.
1120 3977 1151 4028 Ill
1170 3994 1192 4045 p.
1207 3977 1265 4027 333.

251 4079 282 4140 ²⁸)
301 4079 400 4141 11311,
420 4094 441 4127 ν.
462 4094 482 4128 e.
502 4085 643 4146 mystarum
662 4079 801 4140 lavacrum,
827 4075 858 4127 el.
878 4073 1087 4126 Preller-llobert
1105 4072 1114 4124 1
1134 4090 1155 4140 p.
1171 4073 1229 4136 188,
1241 4075 1261 4124 1.
1298 4071 1358 4122 Eur.
1378 4070 1430 4137 lpb.

150 4159 306 4213 Tanr.119³
326 4149 454 4211 θάλασσα
482 4153 570 4219 κλύζεν
597 4151 687 4211 πάντα
711 4149 886 4229 τάνθρώπων
902 4153 978 4208 κακά.
998 4184 1030 4194 -
1050 4154 1082 4207 el.
1101 4155 1272 4205 Pernanornm
1291 4153 1431 4216 lavacrum,

152 4240 304 4294 Maunburdt
323 4240 432 4307 Mytbol.
452 4240 556 4292 Foraeb.
576 4257 598 4308 p.
616 4242 671 4294 111.

251 4335 282 4397 ²²)
303 4334 368 4385 Plut.
389 4335 406 4384 l.
421 4351 444 4384 a.

252 4429 284 4491 ²⁸)
304 4431 329 4480 in
348 4429 429 4480 aebol.
447 4429 506 4480 llea.
526 4446 565 4496 op.
585 4436 612 4480 et
629 4430 653 4482 d.
672 4429 736 4493 8123
763 4428 864 4479 aeeedit
882 4427 1006 4478 Androtio
1036 4425 1122 4488 testie,
1149 4421 1181 4474 el.
1204 4424 1235 4474 ale
1254 4421 1430 4473 Wilamowite

153 4515 198 4565 Ar.
216 4527 240 4562 n.
260 4512 319 4562 Aah.
338 4509 347 4560 l
367 4527 390 4577 p.
404 4511 461 4575 280,
476 4511 516 4560 32.
