3126 5056
678 302 898 367 ..99-

157 481 337 562 llesyohidae
353 481 406 542 riri
428 491 458 542 et
480 480 629 562 hieropoei
651 500 718 543 eum
735 480 800 542 aliis
815 479 1034 560 magistratibus
1054 476 1431 555 secutividenturess01‘),

154 582 280 660 denique
303 581 380 642 eires
402 581 600 661 procedebant
625 591 713 661 atque
735 591 837 662 postea
859 581 973 661 ephebi,
1003 580 1054 660 qui
1076 580 1133 642 liba
1156 591 1338 661 paraverant.
1383 579 1431 642 oui

148 699 273 760 pompae
296 699 397 742 servos
420 681 563 742 interesse
586 681 668 742 nefas
690 678 807 755 erat¹²).

359 973 569 1032 HOMIIH
603 971 712 1031 ΤΩΝ
743 970 1028 1032 ΜΕΓΛΛΩΝ
1057 968 1218 1034 ΘΕΩΝ.

248 1149 420 1228 Magnorum
450 1150 574 1210 deorum
607 1167 745 1229 pompam
768 1149 891 1211 Athenis
918 1169 934 1211 a
962 1150 1079 1212 saeculo
1106 1150 1198 1212 altero
1225 1150 1342 1212 ductam
1366 1169 1432 1212 esso

148 1267 183 1308 er
207 1266 265 1308 uno
289 1248 374 1308 titulo
396 1247 537 1328 ephebico
561 1245 735 1322 ridemus¹).
781 1268 855 1329 quae
878 1248 963 1311 ouius
987 1253 1097 1310 formae
1129 1251 1217 1311 luerit
1240 1249 1296 1311 dioi
1319 1249 1431 1330 nequit,

149 1366 217 1407 enm
252 1365 289 1407 ne
323 1346 351 1407 ld
381 1346 511 1425 quidem,
546 1357 646 1408 utrum
678 1346 782 1427 ephebi
809 1366 947 1428 pompam
972 1349 1065 1410 seouti
1088 1349 1149 1410 sint
1171 1367 1273 1421 neone,
1307 1356 1431 1410 constet.

150 1464 199 1505 eos
222 1456 330 1516 autem,
353 1446 414 1524 qni,
437 1464 505 1506 oum
526 1444 843 1526 cephallenensium),
867 1447 1057 1522 Deliornm³),
1082 1446 1327 1526 Messeniorum)
1344 1464 1431 1508 usum

150 1544 208 1604 huo
231 1547 384 1617 referrent,
406 1543 495 1605 etiam
511 1544 633 1606 Athenis
656 1563 778 1624 magnos
798 1546 868 1606 deos
891 1565 951 1607 non
967 1546 1097 1619 Cabirus,
1121 1548 1170 1608 sed
1188 1546 1346 1608 Dioscuros
1367 1564 1433 1607 esse

150 1653 335 1723 putaverunt,
370 1643 445 1705 ratio
475 1644 586 1711 l'elellit,
620 1662 687 1704 nam
712 1644 842 1724 primum
866 1644 971 1724 ephebi
994 1655 1144 1706 certarnen
1167 1646 1268 1706 nasale
1290 1645 1321 1705 in
1345 1653 1433 1725 portu

149 1742 355 1803 instituebant:
380 1761 449 1821 ergo
472 1743 533 1803 deis
557 1743 613 1803 illis
636 1743 822 1804 necessitudo
845 1762 912 1804 oum
931 1744 1003 1804 mari
1019 1754 1095 1814 erat3
1118 1762 1261 1824 perquam
1283 1741 1433 1824 probabile

151 1840 240 1919 igitur
263 1860 385 1919 magnos
408 1840 478 1902 deos
502 1841 593 1902 luisse
609 1841 827 1915 Samothracae,
848 1841 899 1920 qui
923 1841 1039 1903 saeeulo
1055 1843 1146 1903 altero
1167 1861 1182 1903 a
1200 1843 1300 1903 multis
1315 1842 1432 1922 populis

150 1939 336 2011 colebantur3
359 1939 453 2000 eidem
476 1949 575 2000 autem
600 1959 616 2000 a
640 1940 742 2001 multis
762 1940 904 2020 theologis
925 1959 992 2002 oum
1009 1941 1180 2003 Castoribns
1200 1941 1433 2002 contunduntur.

150 2038 262 2099 assedit
290 2038 368 2116 quod
392 2037 521 2098 hoscum
546 2038 667 2099 deorum
692 2041 934 2119 hnaoeorumque
957 2040 1144 2102 sollemnium
1170 2041 1288 2101 nomina
1312 2038 1435 2100 dthsnis

152 2136 244 2215 magis
267 2137 410 2210 valebant,
435 2155 524 2216 quam
547 2156 622 2217 quae
645 2137 675 2198 in
700 2137 793 2199 titulis
813 2138 962 2218 ephebiois
985 2139 1097 2219 neglegi
1120 2138 1330 2220 potuissentll.
1360 2157 1434 2218 qnae

152 2234 322 2307 lloehlerns,
355 2254 421 2297 oum
450 2237 486 2297 de
513 2254 688 2316 magnorum
713 2236 836 2299 deorum
859 2237 939 2299 cultu
965 2237 1077 2300 Lemno
1100 2238 1161 2300 sive
1183 2238 1282 2300 Imbro
1306 2239 1435 2299 Athenas

152 2334 293 2396 translato
316 2336 481 2408 dissereret,
504 2335 567 2397 iure
590 2354 628 2396 ne
651 2335 739 2397 verbo
761 2335 880 2416 quidem
904 2336 1036 2416 tetigitb.

634 2625 950 2686 ΛΙΑΝΤΕΙΑ.

254 2802 398 2876 Aeanteis,
432 2821 508 2883 quae
537 2802 700 2882 antiquitus
732 2801 919 2877 Salamine¹),
954 2813 1029 2878 tum,
1062 2812 1217 2884 postquam
1242 2801 1437 2864 Athenienses

154 2901 301 2962 Salamina
342 2912 597 2983 expugnaverunt,
639 2903 762 2964 Athenis
803 2911 833 2964 et
870 2901 1017 2964 Salamine
1054 2901 1325 2978 celebrabantur¹),
1369 2910 1437 2982 post

256 3176 286 3235 ¹⁶)
306 3177 489 3245 πολισσοῦχοι
511 3177 611 3235 παῖδος
628 3179 770 3246 Κραναοῦ,
796 3179 888 3229 Aeaeb.
908 3195 932 3228 v.
945 3178 996 3229 988
1014 3176 1045 3230 ll.
1068 3177 1204 3229 archontes
1232 3174 1344 3228 defuisse
1370 3177 1437 3227 band

155 3254 230 3308 laeile
249 3259 364 3322 eredam3
391 3267 466 3326 atque
484 3258 597 3311 sortasse
616 3260 694 3311 etia·
712 3265 847 3310 senatores
865 3259 891 3310 in
911 3275 998 3327 pompa
1018 3260 1196 3326 proeedebant.
1233 3267 1346 3311 aeterum
1365 3257 1437 3310 illan

155 3342 270 3407 πομπῆς
296 3336 449 3407 ἠγεμονίαν
472 3359 520 3392 noa
548 3343 579 3392 ad
604 3343 711 3393 verbn-
739 3341 936 3404 intellegendam
960 3357 1017 3393 esse
1036 3341 1106 3392 ultro
1124 3343 1217 3392 elucet
1254 3341 1352 3391 nullius
1370 3339 1437 3391 eninr

154 3437 259 3490 pompae
277 3423 303 3473 io
321 3424 406 3489 eapite
425 3424 591 3487 magistratus
612 3422 770 3490 processisse
788 3422 908 3474 vidimus.

256 3503 288 3565 ”l
306 3505 380 3555 Philo
399 3504 416 3555 l.
431 3520 454 3555 ο.

256 3585 277 3651 1)
295 3584 348 3636 Clh
366 3585 386 3636 ll
404 3587 451 3639 l'll
467 3603 491 3638 v.
510 3584 542 3637 29
568 3586 632 3650 xe[l]
660 3584 701 3651 ιῆι
728 3585 841 3653 πομπῆι
867 3585 921 3637 τῶν
938 3580 1064 3653 μεγάλων
1081 3582 1162 3649 sado:
1179 3575 1347 3648 ἔποιὴσαντο
1373 3581 1438 3645 estis

155 3668 261 3720 πλοίων
278 3661 328 3732 τὴν
346 3663 472 3735 ἅμιλλαν.
490 3696 524 3706 -
541 3668 614 3721 titali
632 3669 691 3720 sub.
710 3667 826 3719 laeenam
852 3675 984 3734 utramque
1012 3668 1050 3718 aie
1077 3667 1226 3734 explendam
1245 3681 1303 3717 esse
1321 3665 1437 3716 eouieio:

154 3743 333 3814 λῐποιήσανιο
362 3747 394 3800 δὲ
420 3752 465 3801 καλ
491 3751 537 3816 sais
561 3751 676 3817 πομπῆο
700 3750 755 3801 τῶν
770 3742 908 3816 perhibeas
925 3747 998 3801 θεῶν
1016 3742 1146 3818 [ἅμιλλαν
1162 3746 1193 3802 ἐν
1209 3745 1258 3798 tais
1275 3748 1376 3816 λιμ]ένι
1392 3746 1439 3796 καλ

156 3834 212 3889 τοῖς
229 3834 305 3888 θοοῖς
322 3831 427 3885 ἔθυσαν
444 3834 491 3883 καλ
510 3834 552 3894 [-
571 3860 613 3896 -,
631 3830 663 3883 el.
682 3833 731 3883 tot
752 3830 897 3885 nto-21.

255 3915 277 3978 ²)
296 3912 370 3966 Paos.
389 3913 488 3977 191,1.

255 3997 278 4059 ⁸)
296 3995 329 4047 el.
348 3998 449 4059 titulos,
468 4013 530 4064 quos
549 3996 656 4060 eollsgit
673 3996 704 4046 de
721 3995 860 4060 Seboeder,
879 3996 910 4048 de
929 3996 985 4047 Deli
1003 3996 1104 4048 insulae
1123 3994 1199 4046 rebus
1218 4009 1240 4060 p.
1256 3992 1353 4059 lbbsq.

257 4079 277 4143 ⁴)
297 4078 338 4129 tit.
357 4080 455 4130 neten.
474 4095 498 4130 v.
512 4078 545 4129 33
564 4087 591 4130 et
609 4078 650 4144 92,
678 4075 710 4128 el.
738 4075 856 4144 Toepffer
886 4079 940 4130 Att.
959 4076 1023 4129 Gen.
1051 4093 1073 4145 p.
1088 4077 1147 4143 221,
1174 4073 1403 4127 laertes-nabere
1428 4071 1439 4123 1

158 4176 180 4226 p.
194 4159 372 4224 tamo-tto,
391 4176 413 4226 p.
428 4160 485 4210 962.

257 4241 277 4302 ¹)
298 4240 375 4292 Bloch
394 4241 459 4308 apud
477 4240 632 4293 lloaeberuaa
651 4241 733 4310 ttytb.
753 4240 815 4294 Lex.
835 4240 885 4293 112
903 4257 926 4309 p.
940 4241 1015 4292 25⁴0.

256 4322 277 4384 ⁸)
297 4323 322 4372 in
341 4322 426 4375 adnot.
444 4323 474 4374 ad
492 4324 534 4374 tit.
553 4324 613 4375 tos.

259 4403 278 4466 ¹)
298 4403 357 4455 iles.
378 4421 399 4455 s.
413 4420 447 4469 v,
467 4404 567 4456 lleaiod.
580 4405 675 4470 Theos.
691 4405 765 4470 1005,
783 4401 815 4456 lr.
830 4405 907 4457 100-
917 4405 973 4468 102,
986 4403 1036 4454 2211
1049 4401 1141 4467 llsaeb,
1159 4399 1190 4454 el.
1204 4399 1323 4467 Toepb'er
1341 4405 1438 4466 quant.

159 4484 259 4537 Pisistr.
279 4501 303 4552 p.
318 4485 361 4550 2³,
379 4484 608 4553 Pauly-wama·
626 4485 637 4538 l
655 4503 678 4554 p.
691 4487 748 4540 929.

257 4566 278 4630 ²)
297 4567 490 4620 leetiateraiuraa
508 4568 619 4621 Athesis
638 4576 753 4637 paratam
773 4568 853 4620 sobal.
870 4567 942 4620 l’iad.
954 4568 1026 4622 Neai.
1038 4566 1060 4620 ll
1074 4568 1114 4633 19,
1131 4565 1250 4635 'l'ospller
1267 4565 1285 4616 l.
1301 4581 1323 4616 e.
1341 4579 1365 4631 p.
1379 4561 1437 4614 922.

1244 4659 1278 4714 71
