3126 5056
666 233 888 297 ..66-

140 430 257 492 quoque
279 410 439 473 Naloorum
464 419 561 492 partes
584 409 798 489 cognoscimus,
823 409 976 490 mysticam
1001 409 1066 470 dico
1089 417 1118 469 et
1141 407 1292 471 rusticam.
1334 409 1419 471 nobis
1487 479 1489 483 ¹

139 521 238 572 autem
273 510 330 570 nisi
363 510 399 571 de
426 520 508 590 parte
535 509 644 571 rustica
672 509 818 589 agendum
841 526 901 570 non
925 517 984 581 est,
1018 507 1086 586 quia
1109 506 1270 568 Pausanias
1292 507 1420 568 atticista

140 609 277 690 Neptuno
298 607 399 670 Haleis
422 607 480 671 lari
503 608 556 691 τῆι
581 606 779 690 asymmeter
802 608 867 670 τῶν
890 607 1028 688 καρπῶν
1050 624 1189 687 pompam
1213 606 1332 670 ductam
1356 626 1421 669 esse

140 707 285 786 tradit¹⁰).
336 724 411 787 quae
446 716 527 769 certo
561 707 704 786 originem
739 707 822 768 duxit
856 725 872 768 e
907 704 1116 768 vetustissimis
1149 705 1247 767 cultus
1279 705 1421 768 Eleusinii

141 805 334 887 temporibus,
356 806 475 886 quibus,
498 815 656 887 antequam
679 805 819 887 mysteria
844 823 946 885 magna
970 804 1104 866 instituta
1124 812 1204 879 eunt,
1227 802 1317 865 Ceres
1333 803 1422 866 Eleu·

140 904 214 966 sinia
245 915 395 985 tamquam
428 915 523 968 terrae
552 916 583 968 et
611 904 740 967 nationis
769 904 822 966 dea
845 921 914 965 cum
937 903 1049 965 rustico
1072 901 1209 982 Neptuno
1231 901 1359 983 patre¹¹l
1381 901 1421 964 ita

140 1004 296 1066 coniuncta
319 1013 390 1077 erat,
414 1015 447 1066 ut
463 1004 565 1066 multis
579 1005 650 1065 locis
666 1004 695 1065 in
712 1003 917 1083 Peloponneso
925 1001 980 1078 ¹¹):
1006 1019 1111 1079 magno
1128 1002 1183 1063 deo
1198 999 1289 1081 igitur
1303 1001 1420 1080 agresti,

139 1101 274 1184 Eumolpi
297 1103 433 1184 patri¹³),
468 1123 484 1166 a
507 1123 565 1183 quo
588 1102 701 1164 mensis
724 1119 833 1163 nomen
857 1100 955 1173 duxit,
985 1100 1129 1162 lrumenti
1151 1100 1251 1163 extriti
1273 1100 1421 1180 primitiae

139 1201 391 1281 offerebantur¹⁴).
437 1221 495 1283 qua
529 1202 563 1263 de
597 1219 705 1282 pompa
739 1200 836 1262 adhuc
863 1200 937 1261 nihil
963 1199 1090 1280 amplius
1120 1198 1217 1260 dicere
1250 1217 1421 1280 possumus,

138 1319 226 1379 quam
249 1319 302 1379 per
324 1301 400 1362 riam
425 1320 537 1363 sacram
562 1300 741 1362 Eleusiniam
776 1319 894 1381 semper
924 1316 989 1361 eam
1013 1317 1077 1360 esse
1099 1299 1235 1360 ductam:
1269 1316 1338 1359 nam
1361 1296 1422 1359 tani

138 1398 235 1460 locum
267 1399 301 1474 ii,
335 1399 386 1479 qui
416 1400 508 1462 altero
538 1419 567 1481 p.
591 1399 660 1462 Chr.
683 1419 713 1462 n.
737 1400 853 1462 saeculo
877 1396 1008 1478 Neptuni
1030 1407 1060 1460 et
1083 1396 1190 1459 Dianae
1217 1397 1363 1477 templum
1391 1395 1421 1457 in

139 1497 184 1559 ria
207 1516 288 1559 sacra
310 1498 557 1584 aedificaverunt,¹
570 1510 702 1562 mutasse
724 1517 784 1561 non
808 1494 1001 1581 vitenturfft).

364 1745 653 1806 ΔΙΟΝΥΣΙΑ
689 1746 755 1806 ΤΑ
790 1740 1192 1805 ΕΠΙΛΗΝΑΙΩΙ.

239 1894 420 1956 Lenaeorum
444 1914 520 1974 quae
535 1894 744 1972 Gamelione¹),
760 1894 973 1956 verisimiliter
989 1893 1064 1955 circa
1081 1891 1159 1954 diem
1177 1890 1421 1972 duodecimum')

139 1991 370 2066 celebrabantur,
393 1993 571 2055 cerimoniae
593 1994 769 2074 principales
791 2013 898 2074 pompa
918 2010 947 2055 et
961 2002 1109 2053 certamen
1127 1990 1275 2053 scenicum
1292 1989 1420 2069 erant⁸).

139 2109 196 2170 qua
219 2091 248 2151 in
272 2110 389 2172 pompa,
422 2110 497 2171 quae
519 2093 580 2172 regi
602 2103 632 2154 ct
654 2093 817 2173 epimeletis
840 2111 927 2154 curae
949 2089 1053 2168 erat⁴),
1088 2090 1176 2152 bores
1206 2109 1223 2151 a
1249 2089 1421 2171 republica

140 2189 311 2251 Atheniensi
334 2190 424 2251 oblati
446 2190 668 2266 ducebanturll.
710 2191 905 2271 antiquiorem
929 2199 1028 2252 autem
1051 2207 1176 2270 pompae
1198 2190 1324 2250 lormam
1347 2189 1422 2251 banc

140 2352 310 2420 Proserpinae
328 2355 466 2405 clamorem
484 2355 574 2420 cudit),
593 2354 683 2421 quihus
703 2355 812 2406 Periclis
832 2354 988 2421 temporibus
1007 2368 1101 2416 omnes,
1119 2368 1181 2419 quos
1200 2352 1333 2419 imperinm
1353 2353 1422 2405 sett-

141 2450 196 2487 cum
215 2435 372 2502 continebat,
391 2433 485 2487 Graeci
503 2434 626 2488 frumenti
644 2439 742 2488 tributa
761 2437 896 2488 mittebant
913 2435 977 2502 (Clh
991 2434 1025 2488 lV
1042 2436 1062 2500 1,
1077 2434 1150 2498 trs),
1169 2440 1196 2484 et
1213 2448 1302 2498 magas
1322 2435 1423 2486 nnmiua

140 2519 258 2585 mystica.

242 2599 274 2663 ¹⁰)
292 2599 409 2650 Eustath.
432 2600 449 2650 l.
470 2616 491 2650 e.
519 2607 544 2650 et
571 2600 623 2651 lex.
642 2601 745 2664 Seguer.
759 2598 794 2652 Vl
812 2617 835 2668 p.
849 2601 899 2652 384
918 2598 1028 2649 bekker:
1056 2600 1144 2649 eodem
1172 2596 1243 2649 loute
1269 2604 1296 2649 et
1323 2597 1422 2649 lexico·

141 2682 261 2746 graphan
279 2687 305 2731 et
317 2681 478 2731 Eustathinm
498 2696 569 2731 usum
587 2696 644 2732 csse
663 2684 720 2733 iude
733 2683 855 2746 ridemus,
873 2681 937 2748 quod
957 2683 1104 2731 accuratius
1122 2680 1320 2746 lexicographns
1339 2678 1421 2744 baem,

142 2763 242 2812 initium
258 2761 404 2812 Eustathius
424 2763 573 2828 exscripsit.
601 2780 654 2814 cum
668 2771 752 2815 autem
766 2764 917 2814 Eustathius
931 2763 1070 2813 Pausaniae
1083 2763 1183 2813 lexicon
1198 2763 1279 2829 ipsum
1297 2762 1422 2823 tennerit,

141 2844 193 2895 alio
220 2844 324 2909 quodam
352 2844 489 2909 scriptore,
518 2844 561 2909 qui
581 2843 729 2895 Pausaniam
757 2846 832 2896 initio
860 2853 886 2896 et
912 2845 1095 2910 exscripsisset
1113 2850 1140 2895 et
1158 2845 1304 2906 citavisset,
1331 2843 1422 2893 deinde

141 2924 320 2975 Philochorum
339 2939 371 2974 ex
390 2925 474 2990 aliquo
493 2924 579 2974 lexico
599 2931 680 2984 (certo
708 2943 757 2977 nors
784 2942 817 2977 ex
835 2925 1037 2992 Harpocratione
1064 2940 1144 2990 equo
1173 2925 1251 2975 lexiei
1269 2925 1376 2988 Seguar.
1389 2921 1422 2975 Vl

141 3005 228 3071 glossa
251 3005 350 3056 heller
372 3021 395 3073 p.
409 3006 455 3058 ³81
483 3006 576 3072 iluxit),
602 3007 709 3073 denique
737 3010 840 3058 tertiam
867 3007 980 3072 glossam
1007 3007 1204 3074 etymologicam
1231 3006 1424 3073 exscripsisset,

140 3094 266 3153 tamquam
284 3085 354 3137 lonte
373 3088 496 3137 communi
514 3102 586 3138 usum
605 3103 662 3140 esse
680 3098 707 3141 et
725 3089 887 3140 Eustathinm
915 3095 942 3139 et
965 3087 1172 3154 lexicographum
1191 3088 1249 3140 veri
1268 3087 1355 3137 simile
1374 3102 1422 3136 son

141 3176 192 3219 est:
220 3168 295 3219 immo
322 3175 455 3235 utrumque
474 3167 622 3221 Pausaniam
642 3171 723 3237 ipsum
742 3172 914 3239 exscripsisse
941 3177 1018 3237 atque
1038 3171 1086 3220 iarn
1104 3170 1175 3220 illum
1194 3185 1249 3220 eum
1269 3167 1421 3220 Philochoro

140 3250 317 3314 heortologum
336 3257 363 3301 et
381 3253 552 3317 etymologum
571 3251 644 3302 uobis
663 3253 765 3317 ignotos
783 3254 971 3304 contaminasse
989 3251 1126 3318 putandum
1145 3258 1193 3303 eet.
1397 3239 1401 3246 ¹

243 3330 275 3393 ¹¹)
294 3331 367 3382 Pane.
387 3329 453 3396 138,
466 3333 490 3383 6.

242 3412 275 3474 ¹²)
293 3414 323 3464 ‹le
337 3414 516 3465 Wilamowitz
536 3415 637 3465 Homer.
651 3413 751 3467 Unters.
772 3431 795 3482 p.
808 3415 867 3479 208,
885 3414 1003 3483 Toepll‘er
1023 3419 1076 3467 sta.
1090 3412 1153 3465 Gen.
1168 3431 1191 3482 p.
1201 3414 1311 3477 28-32,
1325 3415 1375 3465 252
1385 3431 1422 3481 sq.

242 3494 274 3558 13)
294 3496 377 3547 lliller'
396 3498 426 3546 de
445 3497 617 3560 Gaertringeu
637 3497 667 3547 tle
686 3495 777 3548 Graec.
797 3496 847 3548 lab.
866 3499 898 3549 ad
915 3497 1007 3548 Thrae.
1026 3499 1120 3565 pertin.
1139 3497 1234 3562 (Beroi.
1253 3497 1326 3561 1886)
1344 3514 1368 3564 p.
1381 3496 1423 3561 32,

141 3577 286 3627 testimonia
305 3579 368 3643 apud
388 3579 547 3644 'l'oeplierum
567 3579 584 3628 l.
598 3595 619 3629 c.
639 3595 661 3646 p.
676 3579 718 3642 28,
731 3580 753 3629 2.

241 3657 274 3720 ¹⁴)
292 3660 355 3722 quod
376 3659 493 3709 Starlius
522 3660 634 3710 coniecit
650 3660 692 3724 (ad
712 3661 848 3711 Nermanni
867 3659 912 3711 Gr.
932 3661 992 3712 lint.
1010 3659 1080 3726 W,
1094 3662 1118 3722 5)
1138 3667 1164 3711 et
1183 3659 1363 3711 Mommseuius
1382 3673 1423 3709 re·

139 3739 216 3804 petiit
235 3740 267 3801 (p.
280 3738 375 3802 364,4)
394 3739 536 3806 Neptunum
556 3741 725 3808 Phytalmium
744 3743 852 3794 Athenis
881 3749 967 3793 notum
985 3741 1050 3807 (Clh
1063 3741 1095 3792 ΙΙΙ
1108 3742 1169 3804 269)
1193 3742 1259 3792 haue
1277 3742 1422 3808 Neptnansu

140 3820 221 3871 inisse
240 3835 319 3887 neque
337 3822 390 3871 ullo
409 3823 558 3873 testimonio
577 3823 672 3874 nititur
691 3840 770 3890 neque
788 3825 888 3875 omnino
908 3833 978 3876 stare
998 3832 1094 3890 potest:
1123 3839 1178 3874 unm
1198 3821 1331 3889 Neptunus
1349 3830 1424 3890 pater

141 3900 264 3953 Eleusine
283 3904 427 3954 colebatur.

143 4063 206 4114 1887
242 3983 273 4047 1ῧ)
293 3983 443 4036 liubensohn
463 3985 789 4052 Mysterieoheiligtuemer
814 4005 836 4053 p.
852 3988 898 4038 lot
927 3995 954 4038 et
978 3987 1029 4038 tah.
1047 3986 1057 4039 l
1074 4012 1108 4030 =
1125 3984 1263 4054 llocrpleld
1281 3979 1423 4054 Πρακιικᾶ

226 4069 358 4208 tlll'schol.
377 4147 435 4198 llas.
455 4164 493 4214 op.
514 4156 540 4199 et
558 4150 581 4198 d.
601 4149 660 4212 506,
678 4149 728 4199 lex.
748 4150 853 4215 Segner.
867 4150 897 4204 V.
917 4151 1127 4217 anticipata.

240 4227 261 4291 ²)
280 4228 312 4279 ci.
333 4229 479 4292 Usenerum,
498 4231 561 4280 Acta
580 4229 605 4277 S.
619 4226 763 4282 Thimothei
782 4248 804 4297 p.
819 4233 909 4297 hisp,
930 4233 960 4282 tle
980 4231 1055 4283 Prott
1072 4232 1134 4283 laeti
1152 4232 1223 4284 saeri
1241 4248 1265 4298 p.
1282 4233 1320 4282 l‘l.

241 4310 262 4372 8)
281 4311 360 4362 hrist.
378 4306 433 4363 Ἀθ.
453 4312 515 4362 nol.
535 4310 602 4362 LVll
619 4314 640 4375 i,
659 4310 769 4376 Essegori
787 4313 915 4363 decretum
935 4312 1064 4364 Demosth.
1086 4312 1150 4364 XXl
1165 4315 1204 4364 lb.

243 4392 265 4455 ⁴)
283 4391 394 4443 Aristot.
415 4394 432 4445 l.
446 4411 468 4444 c.

240 4473 262 4536 ι)
282 4472 631 4538 subterstrata.
