3126 5056
667 274 885 336 „52-

143 462 174 514 et
196 461 276 513 certo
299 451 385 512 etiam
409 450 440 511 in
464 450 635 532 Hippolytae
658 450 793 532 sepulcro
821 449 897 532 apud
920 449 1027 511 Terrae
1050 449 1200 532 Olympiae
1222 469 1339 512 sacrum
1363 451 1419 512 im·

140 549 356 626 molabatur⁸⁸).
402 567 469 610 cum
503 558 601 610 autem
629 548 744 610 tumuli
777 547 984 628 antiquissimi,
1019 558 1102 610 retus
1125 549 1213 610 etiam
1236 549 1418 611 Amazonum

139 649 235 710 iabula
258 647 392 726 esset⁸⁹),
415 647 487 708 haec
508 666 626 727 quoque
649 647 789 708 sacrificia
813 647 996 727 temporibus
1015 647 1143 727 antiquis
1166 648 1322 710 tribuenda
1340 658 1420 710 sunt.

140 747 345 826 gravissimum
369 754 467 807 autem
490 757 544 818 est,
572 745 649 826 quod
674 745 875 827 ‘Hippolytae'
897 745 945 806 ille
968 747 1111 820 tumulus,
1141 746 1192 807 ubi
1216 743 1421 827 ἐναγίσματα

139 845 302 925 hebaut⁴⁰)‚
335 863 426 924 prope
449 843 556 905 Terrae
579 844 731 924 Olympiae
754 847 854 905 lanum
878 853 953 905 erat:
989 863 1057 906 nam
1086 845 1136 906 illo
1163 846 1236 918 loco,
1268 845 1320 907 ubi
1342 844 1421 906 lieu·

138 943 258 1005 calionis
281 943 432 1004 inundatio
456 943 485 1003 in
509 943 646 1021 voragine
669 943 849 1024 disparuisse
872 943 1031 1016 dicebatur,
1063 944 1319 1006 Anthesteriorum
1344 944 1421 1005 ceri-

141 1042 256 1104 moniae
279 1043 382 1103 ferales
405 1040 507 1122 Chytri
529 1042 761 1103 celebrabantur.

240 1161 255 1202 e
277 1141 385 1221 quibus
408 1140 546 1202 omnibus
570 1140 747 1220 comparatis
767 1140 845 1201 inter
860 1159 891 1201 se
907 1140 1101 1202 Athenienses
1117 1140 1330 1222 Ppanopsione,
1352 1161 1420 1204 cum

141 1239 245 1301 messis
268 1240 388 1301 ultimae
411 1241 532 1319 gratiam
557 1242 702 1299 referrent
729 1250 758 1300 et
784 1250 912 1317 segetem
938 1249 1032 1300 terrae
1054 1240 1329 1318 committereut⁴¹)‚
1362 1241 1421 1302 iam

139 1337 236 1400 bieme
268 1338 443 1400 imminente
476 1346 664 1399 mortuorum
698 1338 737 1398 ita
762 1356 908 1398 memores
932 1336 1033 1410 luisse,
1068 1347 1102 1400 ut
1123 1339 1320 1401 Anthesteriis
1353 1358 1421 1401 curu

140 1455 206 1498 rere
228 1437 316 1499 etiam
340 1446 472 1504 mortuos
495 1436 590 1497 redire
613 1435 765 1517 putabant,
800 1433 1113 1498 concludendunr'est.
1159 1437 1211 1498 sed
1232 1456 1301 1500 cum
1325 1438 1423 1500 hieme

141 1533 251 1597 mortui
285 1555 344 1597 nou
375 1536 545 1608 veniebaut;
577 1535 670 1597 immo
702 1554 816 1608 eorum,
850 1535 901 1614 qui
933 1545 1067 1597 mortuos
1093 1535 1128 1597 ad
1151 1535 1314 1597 interorum
1338 1538 1422 1598 sedes

140 1634 292 1706 vehebant,
328 1635 479 1696 sollemnia
513 1634 744 1696 celebrabantur.
789 1653 856 1695 nam
881 1633 936 1696 toti
959 1646 1081 1696 naturae
1103 1634 1199 1696 biems
1221 1634 1260 1696 ita
1285 1645 1423 1707 mortem,

142 1742 175 1794 ut
198 1733 286 1794 vitam
311 1752 362 1794 rer
385 1733 555 1806 terebat⁴¹t

241 1831 298 1892 iam
322 1832 434 1893 Thesea
468 1833 660 1912 aggredienda
691 1841 769 1906 sunt,
804 1850 878 1912 quae
909 1831 958 1905 ila,
993 1842 1025 1893 ut
1047 1851 1062 1892 a
1086 1832 1270 1913 temporibus
1292 1832 1422 1913 antiquis

141 1929 300 2002 ordiamur,
336 1941 460 1992 tractare
492 1932 521 1991 in
549 1933 647 1993 animo
681 1941 735 1993 est.
783 1950 817 1992 ac
840 1931 968 2012 primum
992 1932 1109 2011 quidem
1133 1932 1177 1992 rel
1199 1931 1317 1992 saeculo
1339 1943 1422 1994 serto

143 2046 280 2106 maguum
304 2029 407 2090 Thesei
442 2027 581 2110 τέμενος,
616 2031 666 2091 ubi
689 2031 856 2111 Phytalidae
890 2050 971 2092 sacra
1005 2031 1159 2102 iaciebant,
1188 2030 1312 2092 Athenis
1341 2040 1421 2091 extra

143 2126 354 2187 urbisveteris
379 2146 480 2189 muros
503 2128 595 2190 fuisse
618 2129 784 2207 scimus⁴³).
827 2148 895 2190 cum
918 2139 1016 2190 autem
1042 2129 1137 2201 heros,
1164 2147 1224 2189 non
1248 2128 1322 2190 deus
1344 2128 1423 2189 Tbe-

143 2244 210 2286 seus
243 2234 331 2300 esset,
365 2226 428 2287 eius
460 2227 598 2288 sacrificia
622 2225 827 2308 ἐναγίσματα
850 2238 943 2289 eraut.
988 2227 1134 2307 equibus
1156 2227 1228 2307 quin
1251 2227 1421 2308 principalia

143 2323 213 2385 item
236 2333 324 2404 atque
347 2336 445 2405 postea
469 2325 632 2406 antiquitus
655 2337 758 2388 octauo
781 2326 992 2407 Pyauopsionis
1016 2326 1063 2387 die
1093 2328 1168 2386 lacta
1191 2325 1260 2398 sint,
1294 2344 1354 2386 non
1377 2333 1422 2386 est

144 2425 221 2503 quod
245 2425 468 2498 dubitemus⁴⁴t,
502 2425 674 2506 praesertim
698 2445 776 2495 ,cum
804 2423 893 2505 χοάς,
927 2426 955 2485 id
978 2434 1024 2486 est
1046 2433 1232 2485 mortuorum
1256 2424 1420 2498 libationes,

142 2521 191 2584 illo
214 2523 261 2584 die
284 2526 374 2585 iactas
396 2543 461 2585 esse
484 2526 625 2598 sciamus;
659 2544 733 2605 quae
767 2536 847 2586 certo
881 2525 916 2585 ad
940 2523 1047 2584 Thesei
1075 2523 1226 2584 sollemnia
1256 2522 1420 2602 antiquiora

142 2622 312 2683 reierendae
334 2623 464 2698 suut⁴⁶):
494 2624 530 2684 ab
553 2624 637 2685 initio
659 2624 748 2703 igitur
771 2624 869 2684 herois
893 2621 1081 2683 Atheniensis
1104 2621 1243 2682 sacrificia
1266 2621 1365 2682 feralia
1389 2639 1422 2682 eo

143 2730 284 2802 tempore,
306 2723 385 2801 quod
410 2725 536 2783 mortuis
558 2741 674 2784 sacrum
699 2732 770 2796 erat,
795 2722 917 2795 tiebaut3
941 2740 1009 2800 ergo
1025 2720 1195 2782 cerimoniis
1210 2720 1267 2780 illis
1282 2720 1422 2782 feralibus

143 2821 271 2899 antiquis
294 2839 398 2881 noram
422 2821 577 2899 aliquando
599 2821 767 2882 adiunctam
791 2840 854 2882 esse
878 2820 1074 2882 censebimus.
1112 2820 1217 2880 deindo
1239 2838 1317 2880 auno
1340 2820 1421 2893 475,

143 2936 209 2978 cum
234 2919 340 2979 Thesei
373 2920 511 2999 reliquiae
534 2921 662 2981 Athenas
697 2930 910 3001 transportatae
938 2921 968 2981 in
991 2939 1073 2981 sacro
1097 2928 1195 2981 vetere
1218 2919 1422 2999 sepelirentur,

143 3014 255 3077 Thesea
290 3036 392 3096 magna
427 3018 561 3079 instituta
594 3017 718 3094 sunt⁴⁸).
763 3038 838 3098 quae
860 3038 1040 3099 quamquam
1064 3037 1118 3098 pro
1141 3017 1249 3080 saeculi
1272 3018 1372 3080 indole
1393 3028 1423 3079 et

244 3225 277 3288 ⁸⁸)
296 3224 362 3276 Plnt.
381 3225 456 3276 Thes.
476 3224 574 3276 xxvii
593 3221 620 3290 (ἦ
637 3242 666 3278 τε
683 3228 828 3296 γιγνομένη
856 3223 942 3278 πάλαι
961 3230 1045 3279 θυσία
1072 3229 1131 3285 ταῖς
1150 3219 1277 3294 Ἀμαζόσι
1295 3223 1352 3298 πρὸ
1371 3226 1424 3278 aeia

146 3307 291 3370 Θησείων),
309 3305 339 3357 ci.
354 3305 520 3357 Wachsmuth
539 3308 575 3357 St.
596 3308 654 3357 Ath.
673 3306 683 3357 l
701 3324 723 3374 p.
739 3309 798 3371 419,
809 3309 832 3358 2.

244 3386 276 3450 39)
295 3389 359 3453 quod
373 3387 490 3453 Toepiler
502 3385 738 3455 (Pauly-wissowa
757 3405 777 3439 s.
792 3407 825 3452 v.,
844 3406 866 3455 p.
879 3390 967 3452 tnui)
984 3389 1211 3442 Wilaruowitzium
1229 3397 1332 3442 secutus
1351 3399 1421 3443 reete

143 3475 232 3519 eontra
252 3468 379 3532 Priqgium
399 3470 439 3532 (de
458 3467 550 3521 Thesei
569 3471 644 3521 rebus
663 3487 685 3537 p.
697 3471 737 3532 17)
756 3479 849 3520 monet.

244 3549 277 3614 40)
297 3551 458 3618 llippolytam
478 3551 524 3602 illo
543 3553 599 3603 loco
618 3554 742 3619 sepultam
761 3568 817 3603 esse
836 3567 907 3603 nemo
926 3553 1046 3617 dixisset,
1075 3554 1126 3605 nisi
1145 3555 1231 3605 eodem
1249 3554 1301 3618 die,
1328 3569 1377 3620 qno
1396 3553 1420 3604 ie

143 3631 204 3683 aliia
224 3633 376 3684 Amazonum
394 3635 507 3698 tumulis,
526 3636 601 3686 etiarn
619 3637 666 3685 boc
685 3636 711 3686 in
730 3635 849 3701 sepulcro
862 3635 1032 3702 ἐναγίσματα
1051 3634 1119 3686 iacta
1138 3643 1237 3696 eesenta
1257 3637 1322 3701 quod
1341 3636 1421 3687 solum

144 3713 176 3764 ad
190 3729 252 3766 rena.
274 3720 388 3767 ceterum
402 3715 447 3766 alii
463 3733 510 3766 non
522 3717 693 3785 hippolytum,
710 3720 752 3768 sed
763 3717 898 3784 Antiopam
913 3717 969 3768 illic
985 3718 1110 3784 sepultam
1120 3733 1177 3768 esse
1187 3718 1309 3768 videntur
1318 3717 1421 3769 dixisse.

244 3795 278 3861 ⁴¹)
295 3795 363 3849 Plut.
382 3799 413 3849 de
431 3796 489 3848 leid.
510 3807 536 3849 et
554 3798 597 3848 0e.
616 3797 708 3850 LXlX.

245 3877 277 3946 ⁴¹)
296 3879 382 3931 eodem
400 3886 513 3946 tempore
530 3879 730 3947 Thesmophoria
756 3880 970 3946 celebrabantur3
997 3896 1051 3932 narn
1079 3896 1135 3932 cunr
1163 3887 1251 3946 segete
1268 3879 1422 3948 Proserpina

144 3960 199 4029 lpea
217 3960 244 4012 ha
263 3960 356 4013 Oreum
374 3961 550 4030 descenderat.

245 4042 279 4106 ⁸⁸)
296 4043 340 4093 Ar.
355 4037 412 4095 Ἀθ.
430 4044 491 4095 ποί.
511 4042 569 4108 xV,
596 4042 665 4096 Plut.
684 4043 759 4098 Thes.
781 4044 874 4110 XXlll,
900 4043 933 4096 ci.
952 4045 1173 4097 deWilauaowita
1192 4045 1272 4096 Arist.
1292 4061 1315 4098 u.
1335 4041 1423 4095 Aeni

143 4137 168 4193 p.
179 4123 240 4188 ato,
258 4120 361 4176 Grieeh.
379 4122 456 4188 Trag.
475 4124 485 4176 l
505 4142 526 4191 p.
539 4126 595 4178 193.

244 4206 278 4269 ⁴⁴)
295 4204 362 4258 Plut.
381 4206 456 4260 Thea.
477 4205 598 4259 XXXVI.

394 4290 440 4342 Ar.
459 4289 522 4342 Aeli.
540 4290 599 4351 961,
618 4289 661 4341 ubi
679 4306 824 4358 quamquam
839 4297 910 4360 χοαί
925 4291 1024 4343 Theseo
1043 4291 1125 4344 laetae
1151 4299 1178 4343 et
1196 4281 1267 4350 Xo'ac
1287 4293 1422 4344 Antbeete·

407 4386 432 4423 aa
459 4369 666 4438 confundantur,
692 4378 776 4423 tamen
802 4389 830 4424 ea
857 4373 888 4425 de
906 4389 992 4438 eausa,
1019 4375 1083 4441 qnod
1103 4381 1190 4425 eertns
1210 4375 1264 4425 dies
1284 4372 1422 4440 proies-tar,

431 4452 539 4508 euboeae
557 4463 626 4522 puto.

475 4533 502 4593 4.
517 4536 550 4592 tle
563 4535 739 4591 Wilanewita
758 4535 803 4591 (ir.
820 4537 864 4591 Tr.
884 4538 901 4589 l.
914 4553 936 4588 e.
