3126 5056
531 1105 1010 1192 PRAEFATIO.

216 1377 277 1477 De
300 1414 522 1477 Atheniensium
546 1415 663 1497 pompis
686 1413 777 1478 sacris
806 1414 993 1495 disputatum
1020 1414 1166 1496 primum,
1201 1418 1272 1499 quid
1307 1420 1408 1482 Graeci

129 1531 199 1574 vooe
221 1511 345 1596 πομπή
367 1514 603 1593 significaverint,
626 1514 827 1594 quaerendum
852 1523 905 1575 est.
944 1514 1029 1576 ouius
1051 1516 1131 1577 uocis
1153 1532 1241 1578 usum
1264 1517 1288 1577 si
1311 1526 1407 1579 totum

128 1611 341 1685 examinamus,
375 1613 456 1674 verbi
479 1615 627 1694 πέμπειν
648 1613 706 1674 rim
731 1613 817 1674 etiam
843 1613 1011 1674 innomine
1033 1615 1217 1677 substantivo
1239 1615 1308 1677 inde
1330 1618 1409 1679 deri·

129 1720 193 1772 vato
222 1730 339 1791 semper
367 1721 510 1774 servatam
538 1731 603 1774 esse
630 1712 877 1791 cognoscimus¹t
926 1732 958 1773 ea
981 1722 1079 1774 autem
1103 1713 1156 1787 vis,
1183 1733 1240 1793 qua
1264 1715 1324 1776 sola
1347 1715 1409 1777 llo-

130 1828 229 1871 merus
257 1829 356 1872 vooem
387 1808 507 1892 πομπή
535 1818 672 1890 usurpat,
696 1819 797 1890 postea
820 1810 902 1871 etin
925 1810 1014 1872 latius
1037 1820 1122 1872 auota
1145 1820 1242 1873 estet
1264 1812 1293 1873 in
1316 1832 1410 1893 angu-

127 1908 203 1970 stius
226 1919 369 1982 coartata3
392 1927 460 1970 nam
483 1908 563 1988 quod
586 1909 663 1989 apud
687 1909 849 1970 Homerum
866 1927 985 1988 semper
1001 1909 1138 1970 deductio
1153 1910 1240 1989 est2),
1262 1910 1291 1971 id
1308 1921 1410 1990 postea

128 2007 215 2067 etium
229 2008 346 2080 missus,
365 2006 494 2084 missio³)
510 2017 540 2068 et
555 2041 597 2050 -
612 2007 663 2068 des
679 2007 793 2069 veniam
811 2008 910 2082 verbo,
926 2026 993 2069 oum
1007 2007 1133 2084 Romani
1148 2007 1237 2069 verbo
1253 2011 1410 2072 vernaculo

126 2114 244 2167 careant
268 2141 307 2149 -·
330 2124 438 2185 pompa
460 2105 548 2180 σοι’).

227 2223 350 2284 pompas
384 2223 482 2266 saoras
516 2203 606 2282 igitur
629 2203 822 2265 deductiones
844 2223 910 2266 esse
933 2203 1111 2284 colligimus,
1139 2204 1248 2284 quibus
1271 2206 1407 2269 homines

126 2312 177 2365 aut
199 2304 269 2366 deos
291 2306 371 2383 ipsos
393 2312 445 2365 out
467 2303 599 2384 symbola
621 2321 703 2364 sacra
726 2311 777 2364 aut
800 2321 923 2365 munera
945 2303 1092 2383 primitias
1115 2304 1227 2366 hostias
1250 2306 1312 2367 deis
1335 2307 1408 2369 olle-

126 2403 232 2464 rendas
255 2401 552 2483 prosequebantur⁶).
608 2402 659 2463 sed
693 2410 726 2463 ut
759 2401 856 2463 nullus
890 2401 964 2463 alius
992 2403 1120 2482 populus
1142 2400 1179 2464 τὸ
1203 2400 1357 2486 καθαρόν
1379 2414 1409 2468 et

227 2575 246 2636 ¹)
274 2593 288 2627 a
315 2592 377 2627 voco
404 2565 503 2643 πομπή
530 2575 632 2625 dativus
659 2575 762 2640 pendet:
790 2570 890 2640 πομπὴ
917 2573 962 2639 τῆι
986 2572 1144 2644 {impediam
1173 2575 1226 2627 cm
1243 2575 1303 2628 lV2
1321 2577 1371 2629 314
1385 2594 1409 2644 ο,

126 2660 174 2708 τῶι
191 2655 319 2729 Ἠρακλεῖ
333 2658 416 2709 lloot
430 2674 453 2708 v.
467 2659 491 2708 4.
526 2651 646 2723 πομπὴν
663 2656 786 2722 πέμπειν
807 2658 864 2708 τινί
885 2655 1080 2707 usitatissimum
1100 2664 1148 2709 est.
1196 2672 1277 2723 aque
1305 2659 1408 2708 notione

129 2741 178 2790 iam
205 2739 311 2790 [lomoni
338 2740 503 2806 aliquantum,
532 2753 638 2804 prorsus
656 2736 817 2801 Fraueogalli
844 2745 871 2788 et
889 2736 1010 2788 Germani
1031 2739 1198 2788 deflexerunt.
1236 2754 1329 2789 novum
1349 2754 1408 2789 ver·

129 2821 184 2870 burn
211 2829 308 2882 autem,
335 2837 382 2886 quo
411 2835 496 2869 omnen
523 2821 632 2882 utimur,
660 2835 708 2868 non
737 2834 805 2882 rem,
829 2820 873 2870 sed
896 2817 999 2871 lormam
1025 2819 1162 2881 signifieat.
1198 2820 1360 2885 quodetiam
1380 2822 1405 2872 iu

127 2902 269 2966 posteriore
288 2902 373 2964 lingue
394 2901 490 2953 Graece
505 2901 622 2968 populari
635 2902 762 2951 oeeurrit:
781 2902 948 2968 προέλιυσις,
967 2902 1084 2952 Eusteth.
1099 2917 1121 2963 p.
1135 2901 1209 2964 1292,
1227 2902 1263 2953 to.

226 2981 247 3045 ⁸)
266 2983 339 3034 velut
357 2987 384 3033 Z
396 2984 440 3036 171
461 2977 547 3052 αὐτὰρ
565 2979 580 3032 ὁ
598 2981 633 3047 βῆ
649 2979 789 3046 Λυκίηνδε
806 2980 880 3033 θεῶν
897 2978 943 3032 ὑπ’
963 2978 1087 3049 ἀμύμονι
1106 2983 1227 3048 πομπῆι,
1245 2998 1257 3034 ε
1274 2982 1306 3031 32
1325 2977 1362 3040 ὥς
1378 2999 1408 3036 κε

127 3064 218 3128 νέηται
240 3057 301 3117 οὔτε
323 3067 399 3120 θεῶν
420 3066 535 3135 πομπῆι
558 3060 620 3116 οὔτε
643 3062 753 3129 θνητῶν
775 3056 942 3130 ἀνθρώπων,
970 3063 985 3122 ζ
996 3066 1045 3114 299
1069 3056 1145 3132 rippa
1164 3054 1277 3130 ια’χιστα
1295 3065 1410 3132 πομπῆς

126 3147 173 3196 καὶ
199 3142 308 3199 νόστοιο
334 3142 427 3213 τύχαις
453 3143 530 3217 παρὰ
558 3144 664 3214 πατρὸς
688 3144 775 3212 ἐμοῖο,
802 3161 818 3207 η
841 3145 884 3197 191
901 3162 952 3212 sqq.
980 3147 1075 3199 ἔπειτα
1102 3143 1129 3195 δὲ
1148 3146 1194 3196 καὶ
1212 3148 1276 3215 περὶ
1294 3147 1410 3214 πομπῆς

124 3221 283 3295 μνησόμεθ’
302 3223 338 3286 ὥς
352 3226 384 3295 χ’
405 3226 420 3279 ὁ
439 3231 524 3288 ξεῖνος
541 3224 642 3280 ἄνευθε
660 3217 749 3279 πόνου
766 3227 812 3276 καλ
831 3219 905 3289 ἀνίης
917 3229 1031 3294 πομπῆι
1044 3223 1091 3294 ἐφ’
1104 3223 1230 3297 ἡμετέριμ
1242 3224 1277 3292 ἣν
1288 3227 1407 3296 πατρίδα

125 3312 208 3375 μαῖαν
234 3308 329 3375 ἵκηται,
346 3327 362 3360 κ
383 3311 412 3362 17
426 3327 462 3376 sq.
481 3305 539 3360 ἀλλ’
565 3303 605 3360 ὅτι
631 3305 664 3372 δὴ
689 3308 735 3358 καὶ
762 3303 813 3374 lyei
842 3303 910 3357 ὁδὸν
936 3302 1027 3373 ἤπιον
1049 3306 1093 3373 ἡδ’
1115 3308 1237 3360 ἐκέλευον
1264 3310 1410 3377 πεμπέμεν

127 3383 214 3440 oridia
240 3394 325 3447 κεῖνος
347 3387 474 3454 ἀνήνατο,
500 3392 576 3458 τεῦχε
595 3388 623 3441 dt
642 3378 766 3456 πομπήν.
812 3395 901 3439 contre
923 3392 988 3456 quod
1012 3398 1052 3441 est
1070 3391 1096 3441 in
1117 3391 1209 3457 hymno
1229 3389 1286 3453 XV,
1301 3391 1317 3439 5
1334 3407 1409 3458 πομ-

127 3472 222 3536 πῆισιν
240 3467 289 3522 ὑπ’
309 3466 473 3540 Εὐρυσθῆος
490 3489 505 3523 a
523 3472 694 3538 posteriorum
713 3471 828 3536 partibus
847 3477 909 3535 stat,
928 3470 959 3522 el.
980 3479 1064 3521 notam
1082 3472 1106 3521 3.

227 3553 248 3618 ³)
267 3553 339 3604 velut
358 3553 422 3619 apud
442 3553 588 3620 Euripidom
607 3551 665 3602 Her.
680 3551 729 3602 580
745 3546 912 3621 Εὐρυσθέως
928 3555 1080 3619 πομπαῖσι,
1098 3552 1153 3604 Hel.
1170 3552 1232 3606 1131
1248 3552 1409 3618 πομπαῖσιν

121 3630 291 3703 Ἀφροδίτης.
327 3637 358 3685 de
385 3643 464 3686 vento
487 3635 551 3700 apud
570 3632 705 3684 Pindarum
725 3630 899 3683 Nemvlldd
919 3625 1057 3702 Ζεφύροιο
1076 3636 1201 3701 πομπαί,
1219 3631 1253 3684 el.
1274 3632 1337 3682 lior.
1355 3631 1408 3698 lph.

127 3717 185 3766 Aul.
200 3716 265 3768 1324
282 3717 349 3784 μηδ’
367 3712 486 3770 ἀνταίαν
502 3712 630 3785 Εὐρίποιο
647 3711 765 3765 πνεῦσαι
784 3708 905 3781 πομπὰν
922 3712 998 3772 Ζεύς.
1017 3743 1050 3752 -
1068 3713 1147 3765 Thoe.
1163 3714 1194 3766 lV
1211 3715 1258 3766 108
1277 3705 1363 3772 ξύλων
1380 3729 1409 3764 τε

125 3793 340 3866 ναυπηγησίμων
357 3794 456 3866 πομπὴ
474 3801 519 3849 καὶ
533 3792 685 3867 χρημάτων
702 3785 847 3866 πρόσοδος.
872 3804 997 3863 tamquam
1016 3798 1139 3863 impulsus
1159 3812 1235 3862 saepe
1247 3796 1312 3862 apud
1327 3796 1408 3846 llere·

126 3881 212 3929 dotum
239 3880 363 3949 (πομπῆι
388 3881 465 3941 θεοῦ)
493 3889 519 3930 et
545 3879 610 3945 epod
638 3885 755 3945 posteros
784 3879 907 3946 (πομπῆι
931 3882 1028 3942 θελοι).
1076 3878 1231 3945 Triptolemi
1261 3877 1407 3929 missionem

126 3960 255 4012 Aristides
272 3953 390 4029 πομπήν
407 3962 519 4029 appellet
536 3959 630 4026 (tomi
649 3976 670 4026 p.
688 3961 756 4022 105).

226 4043 248 4106 ⁴)
264 4043 327 4095 haee
349 4045 391 4096 vis
409 4044 516 4110 primum
540 4043 604 4109 opud
627 4041 763 4092 Pindarum
786 4043 901 4093 occurrit
920 4041 959 4094 01.
973 4041 1018 4093 Vll
1035 4043 1080 4094 145
1098 4033 1194 4110 μήλων
1211 4056 1240 4092 τε
1256 4028 1407 4092 ννισᾶεσσα

127 4114 238 4190 πομποί,
257 4124 329 4190 Pyth.
344 4125 365 4176 V
381 4125 428 4176 122
444 4118 636 4180 Ἀπολλωνίαις
662 4127 793 4189 πομπαῖς
819 4125 862 4186 (de
881 4123 1023 4192 Cyrenaiea
1047 4126 1101 4188 egit
1120 4125 1163 4176 vie
1183 4122 1314 4189 pompina),
1333 4119 1405 4173 Nem.

127 4204 159 4256 Vl
173 4206 204 4256 67
224 4199 336 4275 ἡρώιαις
353 4205 381 4259 dt
398 4209 527 4275 πομπαῖς
545 4234 577 4245 -
596 4198 767 4263 πολυθύτοις.

227 4287 248 4350 ⁵)
267 4303 312 4338 eae
331 4305 441 4355 pompae,
468 4290 559 4356 quibus
586 4290 690 4339 deorum
718 4289 854 4339 simulacra
883 4289 937 4355 ipse
956 4290 1137 4355 portabuntur,
1164 4303 1213 4336 uon
1232 4284 1312 4335 aliter
1330 4288 1406 4346 etque

126 4383 180 4431 eae,
206 4383 268 4434 quoe
292 4370 397 4420 deorum
420 4372 514 4437 temple
539 4371 652 4433 adibant,
671 4371 811 4433 signifioeri
830 4371 922 4421 solent
960 4371 998 4421 sio
1017 4370 1119 4432 Pollux,
1145 4382 1201 4418 eum
1220 4367 1250 4416 de
1269 4364 1407 4430 nomophy·

127 4450 224 4500 lacibus
242 4459 302 4515 agat
320 4450 387 4512 (Vlll
399 4452 444 4515 94)
469 4446 518 4516 τὴν
544 4451 571 4503 δὲ
597 4447 713 4522 πομπὺν
735 4452 1030 4521 adpraesentasset
1049 4452 1125 4515 dicit3
1145 4449 1190 4501 sed
1208 4449 1256 4500 hae
1274 4447 1299 4498 in
1317 4457 1407 4512 pompa

179 4551 255 4604 rrum,
268 4555 302 4597 De
317 4553 400 4598 Athen.
413 4553 500 4609 pompis
513 4555 591 4601 noem.
1212 4555 1227 4609 l
