<?xml version="1.0" encoding="UTF-8"?>
<!DOCTYPE html PUBLIC "-//W3C//DTD XHTML 1.0 Transitional//EN"
    "http://www.w3.org/TR/xhtml1/DTD/xhtml1-transitional.dtd">
<html xmlns="http://www.w3.org/1999/xhtml" xml:lang="en" lang="en">
 <head>
  <title>
</title>
<meta http-equiv="Content-Type" content="text/html;charset=utf-8" />
  <meta name='ocr-system' content='tesseract 3.04.00' />
  <meta name='ocr-capabilities' content='ocr_page ocr_carea ocr_par ocr_line ocrx_word'/>
</head>
<body>
  <div class='ocr_page' id='page_1' title='image "./deatheniensiump00pfuhgoog_0061.png"; bbox 0 0 3126 5056; ppageno 0'>
   <div class='ocr_carea' id='block_1_1' title="bbox 677 263 895 328">
    <p class='ocr_par' dir='ltr' id='par_1_1' title="bbox 677 263 895 328">
     <span class='ocr_line' id='line_1_1' title="bbox 677 263 895 328; baseline 0.005 -19"><span class='ocrx_word' id='word_1_1' title='bbox 677 263 895 328; x_wconf 76' lang='lat' dir='ltr'>-4g-</span> 
     </span>
    </p>
   </div>
   <div class='ocr_carea' id='block_1_2' title="bbox 143 438 1433 1414">
    <p class='ocr_par' dir='ltr' id='par_1_2' title="bbox 146 438 1433 617">
     <span class='ocr_line' id='line_1_2' title="bbox 146 438 1433 519; baseline 0.007 -19"><span class='ocrx_word' id='word_1_2' title='bbox 146 439 347 519; x_wconf 85' lang='lat' dir='ltr'>Osehopboria</span> <span class='ocrx_word' id='word_1_3' title='bbox 381 438 524 515; x_wconf 87' lang='lat' dir='ltr'>celebrata</span> <span class='ocrx_word' id='word_1_4' title='bbox 558 458 622 500; x_wconf 90' lang='lat' dir='ltr'>esse</span> <span class='ocrx_word' id='word_1_5' title='bbox 656 440 835 513; x_wconf 81' lang='lat' dir='ltr'>constat¹²):</span> <span class='ocrx_word' id='word_1_6' title='bbox 870 441 959 502; x_wconf 90' lang='lat' dir='ltr'>simul</span> <span class='ocrx_word' id='word_1_7' title='bbox 986 442 1065 502; x_wconf 90' lang='lat' dir='ltr'>enim</span> <span class='ocrx_word' id='word_1_8' title='bbox 1094 453 1124 504; x_wconf 93' lang='lat' dir='ltr'>et</span> <span class='ocrx_word' id='word_1_9' title='bbox 1153 444 1244 506; x_wconf 87' lang='lat' dir='ltr'>totius</span> <span class='ocrx_word' id='word_1_10' title='bbox 1274 445 1381 507; x_wconf 88' lang='lat' dir='ltr'>messis</span> <span class='ocrx_word' id='word_1_11' title='bbox 1403 458 1433 509; x_wconf 92' lang='lat' dir='ltr'>et</span> 
     </span>
     <span class='ocr_line' id='line_1_3' title="bbox 146 537 823 617; baseline 0.003 -19"><span class='ocrx_word' id='word_1_12' title='bbox 146 538 311 599; x_wconf 85' lang='lat' dir='ltr'>vindemiae</span> <span class='ocrx_word' id='word_1_13' title='bbox 334 537 456 616; x_wconf 82' lang='lat' dir='ltr'>gratiam</span> <span class='ocrx_word' id='word_1_14' title='bbox 481 539 623 617; x_wconf 80' lang='lat' dir='ltr'>agricolae</span> <span class='ocrx_word' id='word_1_15' title='bbox 647 540 823 601; x_wconf 77' lang='lat' dir='ltr'>referebant.</span> 
     </span>
    </p>

    <p class='ocr_par' dir='ltr' id='par_1_3' title="bbox 143 636 1432 1312">
     <span class='ocr_line' id='line_1_4' title="bbox 246 636 1430 723; baseline 0.007 -26"><span class='ocrx_word' id='word_1_16' title='bbox 246 636 517 716; x_wconf 85' lang='lat' dir='ltr'>Oschopboriorum</span> <span class='ocrx_word' id='word_1_17' title='bbox 541 649 638 699; x_wconf 91' lang='lat' dir='ltr'>autern</span> <span class='ocrx_word' id='word_1_18' title='bbox 664 640 850 712; x_wconf 79' lang='lat' dir='ltr'>cerimoniae,</span> <span class='ocrx_word' id='word_1_19' title='bbox 873 651 1017 719; x_wconf 88' lang='lat' dir='ltr'>quantum</span> <span class='ocrx_word' id='word_1_20' title='bbox 1040 641 1158 719; x_wconf 89' lang='lat' dir='ltr'>quidem</span> <span class='ocrx_word' id='word_1_21' title='bbox 1176 662 1235 703; x_wconf 90' lang='lat' dir='ltr'>non</span> <span class='ocrx_word' id='word_1_22' title='bbox 1253 643 1317 703; x_wconf 86' lang='lat' dir='ltr'>sine</span> <span class='ocrx_word' id='word_1_23' title='bbox 1333 644 1430 723; x_wconf 89' lang='lat' dir='ltr'>aliqua</span> 
     </span>
     <span class='ocr_line' id='line_1_5' title="bbox 145 735 1431 820; baseline 0.006 -26"><span class='ocrx_word' id='word_1_24' title='bbox 145 735 205 795; x_wconf 88' lang='lat' dir='ltr'>reri</span> <span class='ocrx_word' id='word_1_25' title='bbox 229 735 325 815; x_wconf 88' lang='lat' dir='ltr'>specie</span> <span class='ocrx_word' id='word_1_26' title='bbox 347 735 463 796; x_wconf 89' lang='lat' dir='ltr'>restitui</span> <span class='ocrx_word' id='word_1_27' title='bbox 487 747 621 816; x_wconf 88' lang='lat' dir='ltr'>possunt,</span> <span class='ocrx_word' id='word_1_28' title='bbox 650 739 721 798; x_wconf 90' lang='lat' dir='ltr'>baec</span> <span class='ocrx_word' id='word_1_29' title='bbox 743 742 804 799; x_wconf 88' lang='lat' dir='ltr'>l&#39;ere</span> <span class='ocrx_word' id='word_1_30' title='bbox 826 738 962 799; x_wconf 86' lang='lat' dir='ltr'>fuerunt:</span> <span class='ocrx_word' id='word_1_31' title='bbox 998 739 1081 818; x_wconf 87' lang='lat' dir='ltr'>pueri</span> <span class='ocrx_word' id='word_1_32' title='bbox 1105 741 1224 820; x_wconf 83' lang='lat' dir='ltr'>patrimi</span> <span class='ocrx_word' id='word_1_33' title='bbox 1248 752 1277 801; x_wconf 89' lang='lat' dir='ltr'>et</span> <span class='ocrx_word' id='word_1_34' title='bbox 1300 742 1431 803; x_wconf 80' lang='lat' dir='ltr'>matrimi</span> 
     </span>
     <span class='ocr_line' id='line_1_6' title="bbox 145 834 1429 916; baseline 0.005 -21"><span class='ocrx_word' id='word_1_35' title='bbox 145 854 161 895; x_wconf 93' lang='lat' dir='ltr'>e</span> <span class='ocrx_word' id='word_1_36' title='bbox 191 834 312 912; x_wconf 82' lang='lat' dir='ltr'>singulis</span> <span class='ocrx_word' id='word_1_37' title='bbox 340 834 476 895; x_wconf 82' lang='lat' dir='ltr'>tribubus</span> <span class='ocrx_word' id='word_1_38' title='bbox 507 835 600 908; x_wconf 85' lang='lat' dir='ltr'>electi,</span> <span class='ocrx_word' id='word_1_39' title='bbox 635 838 685 916; x_wconf 90' lang='lat' dir='ltr'>qui</span> <span class='ocrx_word' id='word_1_40' title='bbox 711 839 783 899; x_wconf 89' lang='lat' dir='ltr'>vites</span> <span class='ocrx_word' id='word_1_41' title='bbox 806 857 874 899; x_wconf 91' lang='lat' dir='ltr'>cum</span> <span class='ocrx_word' id='word_1_42' title='bbox 899 838 963 899; x_wconf 84' lang='lat' dir='ltr'>uris</span> <span class='ocrx_word' id='word_1_43' title='bbox 988 837 1134 914; x_wconf 80' lang='lat' dir='ltr'>tenebant,</span> <span class='ocrx_word' id='word_1_44' title='bbox 1167 859 1182 900; x_wconf 93' lang='lat' dir='ltr'>a</span> <span class='ocrx_word' id='word_1_45' title='bbox 1207 839 1371 916; x_wconf 80' lang='lat' dir='ltr'>Lenaeo¹³)</span> <span class='ocrx_word' id='word_1_46' title='bbox 1394 841 1429 902; x_wconf 91' lang='lat' dir='ltr'>ad</span> 
     </span>
     <span class='ocr_line' id='line_1_7' title="bbox 145 934 1428 1017; baseline 0.005 -23"><span class='ocrx_word' id='word_1_47' title='bbox 145 934 427 1014; x_wconf 83' lang='lat' dir='ltr'>Osclrophorinm¹⁴l</span> <span class='ocrx_word' id='word_1_48' title='bbox 452 937 548 996; x_wconf 92' lang='lat' dir='ltr'>locum</span> <span class='ocrx_word' id='word_1_49' title='bbox 573 937 732 1014; x_wconf 87' lang='lat' dir='ltr'>quendam,</span> <span class='ocrx_word' id='word_1_50' title='bbox 755 937 807 1016; x_wconf 89' lang='lat' dir='ltr'>qui</span> <span class='ocrx_word' id='word_1_51' title='bbox 830 956 921 1017; x_wconf 86' lang='lat' dir='ltr'>prope</span> <span class='ocrx_word' id='word_1_52' title='bbox 945 936 1090 998; x_wconf 82' lang='lat' dir='ltr'>Minervae</span> <span class='ocrx_word' id='word_1_53' title='bbox 1106 937 1233 999; x_wconf 87' lang='lat' dir='ltr'>Sciradis</span> <span class='ocrx_word' id='word_1_54' title='bbox 1256 957 1373 1000; x_wconf 88' lang='lat' dir='ltr'>sacrum</span> <span class='ocrx_word' id='word_1_55' title='bbox 1398 940 1428 1000; x_wconf 94' lang='lat' dir='ltr'>in</span> 
     </span>
     <span class='ocr_line' id='line_1_8' title="bbox 144 1033 1431 1115; baseline 0.005 -22"><span class='ocrx_word' id='word_1_56' title='bbox 144 1033 267 1094; x_wconf 87' lang='lat' dir='ltr'>Phalero</span> <span class='ocrx_word' id='word_1_57' title='bbox 290 1034 365 1094; x_wconf 90' lang='lat' dir='ltr'>situs</span> <span class='ocrx_word' id='word_1_58' title='bbox 388 1043 459 1107; x_wconf 90' lang='lat' dir='ltr'>erat,</span> <span class='ocrx_word' id='word_1_59' title='bbox 483 1053 602 1095; x_wconf 89' lang='lat' dir='ltr'>cursum</span> <span class='ocrx_word' id='word_1_60' title='bbox 627 1035 886 1110; x_wconf 73' lang='lat' dir='ltr'>instituebant¹⁶t;</span> <span class='ocrx_word' id='word_1_61' title='bbox 918 1037 966 1096; x_wconf 93' lang='lat' dir='ltr'>ubi</span> <span class='ocrx_word' id='word_1_62' title='bbox 989 1035 1040 1115; x_wconf 91' lang='lat' dir='ltr'>qui</span> <span class='ocrx_word' id='word_1_63' title='bbox 1063 1036 1192 1098; x_wconf 85' lang='lat' dir='ltr'>vicerant</span> <span class='ocrx_word' id='word_1_64' title='bbox 1215 1034 1431 1100; x_wconf 83' lang='grc' dir='ltr'><strong><em>πενιαπλόαν</em></strong></span> 
     </span>
     <span class='ocr_line' id='line_1_9' title="bbox 145 1132 1432 1218; baseline 0.002 -24"><span class='ocrx_word' id='word_1_65' title='bbox 145 1132 314 1194; x_wconf 78' lang='lat' dir='ltr'>certaminis</span> <span class='ocrx_word' id='word_1_66' title='bbox 347 1133 510 1212; x_wconf 80' lang='lat' dir='ltr'>praemium</span> <span class='ocrx_word' id='word_1_67' title='bbox 546 1133 741 1212; x_wconf 57' lang='lat' dir='ltr'>personatu).</span> <span class='ocrx_word' id='word_1_68' title='bbox 798 1134 882 1194; x_wconf 89' lang='lat' dir='ltr'>initio</span> <span class='ocrx_word' id='word_1_69' title='bbox 916 1146 1014 1195; x_wconf 91' lang='lat' dir='ltr'>autem</span> <span class='ocrx_word' id='word_1_70' title='bbox 1048 1135 1092 1194; x_wconf 87' lang='lat' dir='ltr'>via</span> <span class='ocrx_word' id='word_1_71' title='bbox 1126 1136 1262 1216; x_wconf 82' lang='lat' dir='ltr'>pompina</span> <span class='ocrx_word' id='word_1_72' title='bbox 1296 1137 1342 1197; x_wconf 89' lang='lat' dir='ltr'>usi</span> <span class='ocrx_word' id='word_1_73' title='bbox 1378 1156 1432 1218; x_wconf 90' lang='lat' dir='ltr'>per</span> 
     </span>
     <span class='ocr_line' id='line_1_10' title="bbox 143 1231 1046 1312; baseline 0 -20"><span class='ocrx_word' id='word_1_74' title='bbox 143 1239 259 1312; x_wconf 89' lang='lat' dir='ltr'>portam</span> <span class='ocrx_word' id='word_1_75' title='bbox 284 1232 407 1292; x_wconf 91' lang='lat' dir='ltr'>ltoniam</span> <span class='ocrx_word' id='word_1_76' title='bbox 432 1231 461 1291; x_wconf 89' lang='lat' dir='ltr'>in</span> <span class='ocrx_word' id='word_1_77' title='bbox 484 1231 641 1291; x_wconf 90' lang='lat' dir='ltr'>Phalerum</span> <span class='ocrx_word' id='word_1_78' title='bbox 667 1231 802 1292; x_wconf 90' lang='lat' dir='ltr'>videntur</span> <span class='ocrx_word' id='word_1_79' title='bbox 825 1232 1046 1306; x_wconf 78' lang='lat' dir='ltr'>cucurrisse¹⁷).</span> 
     </span>
    </p>

    <p class='ocr_par' dir='ltr' id='par_1_4' title="bbox 243 1330 1430 1414">
     <span class='ocr_line' id='line_1_11' title="bbox 243 1330 1430 1414; baseline 0.003 -22"><span class='ocrx_word' id='word_1_80' title='bbox 243 1350 302 1412; x_wconf 89' lang='lat' dir='ltr'>qua</span> <span class='ocrx_word' id='word_1_81' title='bbox 330 1331 431 1392; x_wconf 87' lang='lat' dir='ltr'>eadem</span> <span class='ocrx_word' id='word_1_82' title='bbox 455 1330 500 1391; x_wconf 87' lang='lat' dir='ltr'>ria</span> <span class='ocrx_word' id='word_1_83' title='bbox 531 1339 583 1391; x_wconf 92' lang='lat' dir='ltr'>aut</span> <span class='ocrx_word' id='word_1_84' title='bbox 612 1340 696 1391; x_wconf 90' lang='lat' dir='ltr'>antea</span> <span class='ocrx_word' id='word_1_85' title='bbox 728 1341 781 1391; x_wconf 94' lang='lat' dir='ltr'>aut</span> <span class='ocrx_word' id='word_1_86' title='bbox 810 1342 909 1411; x_wconf 83' lang='lat' dir='ltr'>postea</span> <span class='ocrx_word' id='word_1_87' title='bbox 939 1331 1100 1393; x_wconf 88' lang='lat' dir='ltr'>autsimul</span> <span class='ocrx_word' id='word_1_88' title='bbox 1123 1351 1230 1413; x_wconf 87' lang='lat' dir='ltr'>pompa</span> <span class='ocrx_word' id='word_1_89' title='bbox 1254 1352 1336 1395; x_wconf 87' lang='lat' dir='ltr'>sacra</span> <span class='ocrx_word' id='word_1_90' title='bbox 1359 1353 1430 1414; x_wconf 87' lang='lat' dir='ltr'>pro-</span> 
     </span>
    </p>
   </div>
   <div class='ocr_carea' id='block_1_3' title="bbox 141 1618 1430 2342">
    <p class='ocr_par' dir='ltr' id='par_1_5' title="bbox 141 1618 1430 2342">
     <span class='ocr_line' id='line_1_12' title="bbox 245 1618 1430 1687; baseline 0 -16"><span class='ocrx_word' id='word_1_91' title='bbox 245 1619 276 1680; x_wconf 75' lang='lat' dir='ltr'>1²l</span> <span class='ocrx_word' id='word_1_92' title='bbox 294 1622 381 1671; x_wconf 85' lang='lat' dir='ltr'>eodem</span> <span class='ocrx_word' id='word_1_93' title='bbox 401 1620 470 1670; x_wconf 85' lang='lat' dir='ltr'>aetio</span> <span class='ocrx_word' id='word_1_94' title='bbox 489 1618 596 1683; x_wconf 81' lang='lat' dir='ltr'>Theseo,</span> <span class='ocrx_word' id='word_1_95' title='bbox 623 1620 688 1686; x_wconf 88' lang='lat' dir='ltr'>quod</span> <span class='ocrx_word' id='word_1_96' title='bbox 716 1635 801 1669; x_wconf 85' lang='lat' dir='ltr'>omnes</span> <span class='ocrx_word' id='word_1_97' title='bbox 831 1619 983 1670; x_wconf 85' lang='lat' dir='ltr'>cerimonias</span> <span class='ocrx_word' id='word_1_98' title='bbox 1009 1619 1196 1687; x_wconf 83' lang='lat' dir='ltr'>aPynnopsiis</span> <span class='ocrx_word' id='word_1_99' title='bbox 1219 1635 1299 1685; x_wconf 81' lang='lat' dir='ltr'>usque</span> <span class='ocrx_word' id='word_1_100' title='bbox 1318 1622 1349 1670; x_wconf 91' lang='lat' dir='ltr'>ad</span> <span class='ocrx_word' id='word_1_101' title='bbox 1368 1620 1430 1686; x_wconf 74' lang='lat' dir='ltr'>upt-</span> 
     </span>
     <span class='ocr_line' id='line_1_13' title="bbox 143 1700 1428 1768; baseline 0.002 -17"><span class='ocrx_word' id='word_1_102' title='bbox 143 1702 229 1768; x_wconf 82' lang='lat' dir='ltr'>tnphia</span> <span class='ocrx_word' id='word_1_103' title='bbox 248 1702 388 1768; x_wconf 75' lang='lat' dir='ltr'>arripuisse</span> <span class='ocrx_word' id='word_1_104' title='bbox 406 1700 474 1752; x_wconf 83' lang='lat' dir='ltr'>inira</span> <span class='ocrx_word' id='word_1_105' title='bbox 493 1701 643 1768; x_wconf 86' lang='lat' dir='ltr'>ridebimus,</span> <span class='ocrx_word' id='word_1_106' title='bbox 662 1702 836 1766; x_wconf 85' lang='lat' dir='ltr'>Oschophoria</span> <span class='ocrx_word' id='word_1_107' title='bbox 855 1701 1021 1752; x_wconf 90' lang='lat' dir='ltr'>declarantur</span> <span class='ocrx_word' id='word_1_108' title='bbox 1039 1701 1117 1765; x_wconf 87' lang='lat' dir='ltr'>(Plut.</span> <span class='ocrx_word' id='word_1_109' title='bbox 1137 1701 1214 1754; x_wconf 83' lang='lat' dir='ltr'>Thes.</span> <span class='ocrx_word' id='word_1_110' title='bbox 1231 1701 1428 1754; x_wconf 86' lang='lat' dir='ltr'>xxtt-xxttt</span> 
     </span>
     <span class='ocr_line' id='line_1_14' title="bbox 143 1775 1426 1855; baseline 0 -21"><span class='ocrx_word' id='word_1_111' title='bbox 143 1784 294 1834; x_wconf 83' lang='lat' dir='ltr'>ellemonis</span> <span class='ocrx_word' id='word_1_112' title='bbox 313 1784 428 1847; x_wconf 79' lang='lat' dir='ltr'>Atthide,</span> <span class='ocrx_word' id='word_1_113' title='bbox 458 1784 570 1834; x_wconf 85' lang='lat' dir='ltr'>Philoeh.</span> <span class='ocrx_word' id='word_1_114' title='bbox 591 1792 616 1833; x_wconf 88' lang='lat' dir='ltr'>et</span> <span class='ocrx_word' id='word_1_115' title='bbox 635 1783 700 1834; x_wconf 85' lang='lat' dir='ltr'>later</span> <span class='ocrx_word' id='word_1_116' title='bbox 718 1784 782 1850; x_wconf 79' lang='lat' dir='ltr'>apud</span> <span class='ocrx_word' id='word_1_117' title='bbox 804 1784 877 1848; x_wconf 79' lang='lat' dir='ltr'>llarp.</span> <span class='ocrx_word' id='word_1_118' title='bbox 897 1775 1074 1855; x_wconf 74' lang='grc' dir='ltr'><strong><em>ὀσχοφόροι),</em></strong></span> <span class='ocrx_word' id='word_1_119' title='bbox 1102 1785 1162 1835; x_wconf 89' lang='lat' dir='ltr'>iteua</span> <span class='ocrx_word' id='word_1_120' title='bbox 1187 1791 1263 1849; x_wconf 86' lang='lat' dir='ltr'>atqua</span> <span class='ocrx_word' id='word_1_121' title='bbox 1282 1783 1426 1852; x_wconf 78' lang='lat' dir='ltr'>Pyanopsia</span> 
     </span>
     <span class='ocr_line' id='line_1_15' title="bbox 143 1863 1427 1933; baseline 0 -17"><span class='ocrx_word' id='word_1_122' title='bbox 143 1867 233 1917; x_wconf 89' lang='lat' dir='ltr'>messis</span> <span class='ocrx_word' id='word_1_123' title='bbox 251 1866 359 1928; x_wconf 70' lang='lat' dir='ltr'>gratiam</span> <span class='ocrx_word' id='word_1_124' title='bbox 379 1864 504 1928; x_wconf 86' lang='lat' dir='ltr'>relernnt,</span> <span class='ocrx_word' id='word_1_125' title='bbox 528 1866 629 1916; x_wconf 89' lang='lat' dir='ltr'>eosdem</span> <span class='ocrx_word' id='word_1_126' title='bbox 648 1866 719 1916; x_wconf 88' lang='lat' dir='ltr'>cibos</span> <span class='ocrx_word' id='word_1_127' title='bbox 738 1881 751 1914; x_wconf 93' lang='lat' dir='ltr'>e</span> <span class='ocrx_word' id='word_1_128' title='bbox 770 1863 886 1929; x_wconf 76' lang='lat' dir='ltr'>frugibus</span> <span class='ocrx_word' id='word_1_129' title='bbox 905 1874 1002 1930; x_wconf 88' lang='lat' dir='ltr'>coctos,</span> <span class='ocrx_word' id='word_1_130' title='bbox 1021 1882 1085 1932; x_wconf 82' lang='lat' dir='ltr'>quae</span> <span class='ocrx_word' id='word_1_131' title='bbox 1104 1865 1258 1933; x_wconf 82' lang='lat' dir='ltr'>Pyanopsiis</span> <span class='ocrx_word' id='word_1_132' title='bbox 1276 1866 1427 1929; x_wconf 86' lang='lat' dir='ltr'>edebantur,</span> 
     </span>
     <span class='ocr_line' id='line_1_16' title="bbox 143 1946 1426 2014; baseline -0.001 -16"><span class='ocrx_word' id='word_1_133' title='bbox 143 1949 293 2014; x_wconf 81' lang='lat' dir='ltr'>dinnophori</span> <span class='ocrx_word' id='word_1_134' title='bbox 312 1948 337 1996; x_wconf 94' lang='lat' dir='ltr'>in</span> <span class='ocrx_word' id='word_1_135' title='bbox 357 1947 587 2012; x_wconf 79' lang='lat' dir='ltr'>Osehophoriorum</span> <span class='ocrx_word' id='word_1_136' title='bbox 607 1963 693 2012; x_wconf 79' lang='lat' dir='ltr'>pompa</span> <span class='ocrx_word' id='word_1_137' title='bbox 713 1947 848 2011; x_wconf 84' lang='lat' dir='ltr'>portabant</span> <span class='ocrx_word' id='word_1_138' title='bbox 867 1950 901 2011; x_wconf 82' lang='lat' dir='ltr'>(v.</span> <span class='ocrx_word' id='word_1_139' title='bbox 915 1948 951 2010; x_wconf 79' lang='lat' dir='ltr'>i).</span> <span class='ocrx_word' id='word_1_140' title='bbox 978 1964 1032 1998; x_wconf 87' lang='lat' dir='ltr'>cuua</span> <span class='ocrx_word' id='word_1_141' title='bbox 1052 1955 1135 1999; x_wconf 89' lang='lat' dir='ltr'>autem</span> <span class='ocrx_word' id='word_1_142' title='bbox 1154 1955 1199 1998; x_wconf 87' lang='lat' dir='ltr'>aut</span> <span class='ocrx_word' id='word_1_143' title='bbox 1219 1949 1241 1998; x_wconf 80' lang='grc'>7.</span> <span class='ocrx_word' id='word_1_144' title='bbox 1256 1946 1334 2012; x_wconf 83' lang='lat' dir='ltr'>(Plut</span> <span class='ocrx_word' id='word_1_145' title='bbox 1348 1947 1426 1997; x_wconf 82' lang='lat' dir='ltr'>Thes.</span> 
     </span>
     <span class='ocr_line' id='line_1_17' title="bbox 143 2028 1425 2096; baseline -0.002 -16"><span class='ocrx_word' id='word_1_146' title='bbox 143 2029 229 2095; x_wconf 78' lang='lat' dir='ltr'>xxti)</span> <span class='ocrx_word' id='word_1_147' title='bbox 247 2037 291 2078; x_wconf 91' lang='lat' dir='ltr'>aut</span> <span class='ocrx_word' id='word_1_148' title='bbox 309 2030 333 2079; x_wconf 88' lang='lat'>8.</span> <span class='ocrx_word' id='word_1_149' title='bbox 352 2029 428 2088; x_wconf 83' lang='lat' dir='ltr'>(Plut.</span> <span class='ocrx_word' id='word_1_150' title='bbox 444 2030 518 2079; x_wconf 79' lang='lat' dir='ltr'>Thes.</span> <span class='ocrx_word' id='word_1_151' title='bbox 532 2028 627 2087; x_wconf 80' lang='lat' dir='ltr'>XXllll</span> <span class='ocrx_word' id='word_1_152' title='bbox 648 2029 833 2096; x_wconf 78' lang='lat' dir='ltr'>Pynnopslonis</span> <span class='ocrx_word' id='word_1_153' title='bbox 852 2031 893 2079; x_wconf 89' lang='lat' dir='ltr'>die</span> <span class='ocrx_word' id='word_1_154' title='bbox 911 2029 1024 2080; x_wconf 84' lang='lat' dir='ltr'>Theseus</span> <span class='ocrx_word' id='word_1_155' title='bbox 1044 2031 1153 2080; x_wconf 85' lang='lat' dir='ltr'>rediisse</span> <span class='ocrx_word' id='word_1_156' title='bbox 1172 2030 1312 2092; x_wconf 84' lang='lat' dir='ltr'>diceretur,</span> <span class='ocrx_word' id='word_1_157' title='bbox 1332 2030 1425 2080; x_wconf 88' lang='lat' dir='ltr'>0aeho·</span> 
     </span>
     <span class='ocr_line' id='line_1_18' title="bbox 143 2111 1425 2178; baseline 0 -18"><span class='ocrx_word' id='word_1_158' title='bbox 143 2112 230 2178; x_wconf 84' lang='lat' dir='ltr'>pharia</span> <span class='ocrx_word' id='word_1_159' title='bbox 250 2119 309 2162; x_wconf 88' lang='lat' dir='ltr'>nnte</span> <span class='ocrx_word' id='word_1_160' title='bbox 328 2112 394 2163; x_wconf 89' lang='lat' dir='ltr'>diem</span> <span class='ocrx_word' id='word_1_161' title='bbox 412 2113 545 2177; x_wconf 81' lang='lat' dir='ltr'>septimum</span> <span class='ocrx_word' id='word_1_162' title='bbox 564 2111 696 2161; x_wconf 87' lang='lat' dir='ltr'>celebrata</span> <span class='ocrx_word' id='word_1_163' title='bbox 715 2127 772 2162; x_wconf 90' lang='lat' dir='ltr'>esse</span> <span class='ocrx_word' id='word_1_164' title='bbox 792 2111 950 2162; x_wconf 87' lang='lat' dir='ltr'>verisimile</span> <span class='ocrx_word' id='word_1_165' title='bbox 970 2113 1070 2162; x_wconf 89' lang='lat' dir='ltr'>omuino</span> <span class='ocrx_word' id='word_1_166' title='bbox 1090 2128 1138 2161; x_wconf 85' lang='lat' dir='ltr'>aon</span> <span class='ocrx_word' id='word_1_167' title='bbox 1158 2118 1206 2161; x_wconf 81' lang='lat' dir='ltr'>est</span> <span class='ocrx_word' id='word_1_168' title='bbox 1230 2112 1275 2162; x_wconf 85' lang='lat' dir='ltr'>sad</span> <span class='ocrx_word' id='word_1_169' title='bbox 1290 2127 1320 2161; x_wconf 88' lang='lat' dir='ltr'>ne</span> <span class='ocrx_word' id='word_1_170' title='bbox 1334 2119 1425 2162; x_wconf 85' lang='lat' dir='ltr'>octavo</span> 
     </span>
     <span class='ocr_line' id='line_1_19' title="bbox 142 2191 1422 2260; baseline 0 -18"><span class='ocrx_word' id='word_1_171' title='bbox 142 2193 241 2260; x_wconf 83' lang='lat' dir='ltr'>quidem</span> <span class='ocrx_word' id='word_1_172' title='bbox 259 2194 299 2243; x_wconf 88' lang='lat' dir='ltr'>die</span> <span class='ocrx_word' id='word_1_173' title='bbox 317 2193 482 2244; x_wconf 81' lang='lat' dir='ltr'>sollemnibus</span> <span class='ocrx_word' id='word_1_174' title='bbox 500 2192 607 2243; x_wconf 88' lang='lat' dir='ltr'>rusticis</span> <span class='ocrx_word' id='word_1_175' title='bbox 625 2194 784 2243; x_wconf 82' lang='lat' dir='ltr'>celebrandis</span> <span class='ocrx_word' id='word_1_176' title='bbox 804 2201 901 2260; x_wconf 81' lang='lat' dir='ltr'>tenipus</span> <span class='ocrx_word' id='word_1_177' title='bbox 914 2192 994 2245; x_wconf 79' lang='lat' dir='ltr'>inissa</span> <span class='ocrx_word' id='word_1_178' title='bbox 1008 2193 1075 2244; x_wconf 86' lang='lat' dir='ltr'>iulra</span> <span class='ocrx_word' id='word_1_179' title='bbox 1088 2193 1233 2246; x_wconf 85' lang='lat' dir='ltr'>videbimus</span> <span class='ocrx_word' id='word_1_180' title='bbox 1245 2191 1288 2258; x_wconf 81' lang='lat' dir='ltr'>(oi.</span> <span class='ocrx_word' id='word_1_181' title='bbox 1302 2200 1353 2244; x_wconf 84' lang='lat' dir='ltr'>not.</span> <span class='ocrx_word' id='word_1_182' title='bbox 1365 2195 1422 2255; x_wconf 78' lang='lat' dir='ltr'>tut:</span> 
     </span>
     <span class='ocr_line' id='line_1_20' title="bbox 141 2274 783 2342; baseline -0.003 -16"><span class='ocrx_word' id='word_1_183' title='bbox 141 2276 250 2342; x_wconf 83' lang='lat' dir='ltr'>neptium</span> <span class='ocrx_word' id='word_1_184' title='bbox 268 2275 348 2339; x_wconf 81' lang='lat' dir='ltr'>igitur</span> <span class='ocrx_word' id='word_1_185' title='bbox 367 2275 541 2341; x_wconf 83' lang='lat' dir='ltr'>Oschophoria</span> <span class='ocrx_word' id='word_1_186' title='bbox 561 2274 696 2325; x_wconf 89' lang='lat' dir='ltr'>tribuenda</span> <span class='ocrx_word' id='word_1_187' title='bbox 716 2283 783 2324; x_wconf 91' lang='lat' dir='ltr'>sunt.</span> 
     </span>
    </p>
   </div>
   <div class='ocr_carea' id='block_1_4' title="bbox 138 2368 1427 4078">
    <p class='ocr_par' dir='ltr' id='par_1_6' title="bbox 139 2368 1426 2684">
     <span class='ocr_line' id='line_1_21' title="bbox 240 2368 1424 2437; baseline -0.004 -15"><span class='ocrx_word' id='word_1_188' title='bbox 240 2371 272 2431; x_wconf 81' lang='lat'>¹⁸)</span> <span class='ocrx_word' id='word_1_189' title='bbox 291 2387 347 2422; x_wconf 86' lang='lat' dir='ltr'>euna</span> <span class='ocrx_word' id='word_1_190' title='bbox 366 2371 540 2437; x_wconf 85' lang='lat' dir='ltr'>Osehopboria</span> <span class='ocrx_word' id='word_1_191' title='bbox 564 2370 654 2421; x_wconf 82' lang='lat' dir='ltr'>bacehi</span> <span class='ocrx_word' id='word_1_192' title='bbox 680 2369 760 2420; x_wconf 90' lang='lat' dir='ltr'>lonici</span> <span class='ocrx_word' id='word_1_193' title='bbox 788 2370 886 2421; x_wconf 85' lang='lat' dir='ltr'>luerint</span> <span class='ocrx_word' id='word_1_194' title='bbox 913 2369 955 2434; x_wconf 82' lang='lat' dir='ltr'>(ci.</span> <span class='ocrx_word' id='word_1_195' title='bbox 975 2385 1108 2436; x_wconf 80' lang='lat' dir='ltr'>puerorum</span> <span class='ocrx_word' id='word_1_196' title='bbox 1127 2376 1216 2421; x_wconf 85' lang='lat' dir='ltr'>ventes</span> <span class='ocrx_word' id='word_1_197' title='bbox 1234 2368 1332 2420; x_wconf 81' lang='lat' dir='ltr'>lonicae</span> <span class='ocrx_word' id='word_1_198' title='bbox 1361 2369 1424 2433; x_wconf 81' lang='lat' dir='ltr'>apud</span> 
     </span>
     <span class='ocr_line' id='line_1_22' title="bbox 140 2444 1426 2520; baseline -0.004 -15"><span class='ocrx_word' id='word_1_199' title='bbox 140 2452 235 2520; x_wconf 82' lang='lat' dir='ltr'>Procl,</span> <span class='ocrx_word' id='word_1_200' title='bbox 253 2453 326 2504; x_wconf 86' lang='lat' dir='ltr'>Phot.</span> <span class='ocrx_word' id='word_1_201' title='bbox 347 2454 411 2503; x_wconf 85' lang='lat' dir='ltr'>hihl.</span> <span class='ocrx_word' id='word_1_202' title='bbox 430 2454 484 2504; x_wconf 90' lang='lat' dir='ltr'>cod.</span> <span class='ocrx_word' id='word_1_203' title='bbox 505 2453 564 2515; x_wconf 76' lang='lat'>239,</span> <span class='ocrx_word' id='word_1_204' title='bbox 592 2453 644 2504; x_wconf 79' lang='lat' dir='ltr'>lex.</span> <span class='ocrx_word' id='word_1_205' title='bbox 662 2452 768 2516; x_wconf 75' lang='lat' dir='ltr'>Segusa.</span> <span class='ocrx_word' id='word_1_206' title='bbox 782 2452 812 2501; x_wconf 92' lang='lat' dir='ltr'>V.</span> <span class='ocrx_word' id='word_1_207' title='bbox 833 2451 931 2503; x_wconf 77' lang='lat' dir='ltr'>tatto·</span> <span class='ocrx_word' id='word_1_208' title='bbox 950 2469 971 2518; x_wconf 88' lang='lat' dir='ltr'>p.</span> <span class='ocrx_word' id='word_1_209' title='bbox 985 2452 1042 2504; x_wconf 80' lang='lat'><strong>318.</strong></span> <span class='ocrx_word' id='word_1_210' title='bbox 1062 2444 1233 2520; x_wconf 71' lang='grc' dir='ltr'><strong><em>ὠσχοιιόρια,</em></strong></span> <span class='ocrx_word' id='word_1_211' title='bbox 1260 2449 1293 2502; x_wconf 83' lang='lat' dir='ltr'>cs.</span> <span class='ocrx_word' id='word_1_212' title='bbox 1312 2449 1426 2502; x_wconf 77' lang='lat' dir='ltr'>Puellar-</span> 
     </span>
     <span class='ocr_line' id='line_1_23' title="bbox 139 2533 1422 2604; baseline -0.002 -18"><span class='ocrx_word' id='word_1_213' title='bbox 139 2535 236 2588; x_wconf 84' lang='lat' dir='ltr'>Rohert</span> <span class='ocrx_word' id='word_1_214' title='bbox 255 2536 263 2587; x_wconf 95' lang='lat' dir='ltr'>l</span> <span class='ocrx_word' id='word_1_215' title='bbox 283 2554 305 2604; x_wconf 89' lang='grc' dir='ltr'>ρ.</span> <span class='ocrx_word' id='word_1_216' title='bbox 320 2537 379 2595; x_wconf 71' lang='lat'><strong>207)</strong></span> <span class='ocrx_word' id='word_1_217' title='bbox 398 2553 411 2585; x_wconf 91' lang='lat' dir='ltr'>a</span> <span class='ocrx_word' id='word_1_218' title='bbox 433 2535 531 2586; x_wconf 83' lang='lat' dir='ltr'>Lenaeo</span> <span class='ocrx_word' id='word_1_219' title='bbox 550 2535 580 2587; x_wconf 73' lang='grc' dir='ltr'>ἐν</span> <span class='ocrx_word' id='word_1_220' title='bbox 599 2536 706 2601; x_wconf 85' lang='grc' dir='ltr'><strong><em>λίμναις</em></strong></span> <span class='ocrx_word' id='word_1_221' title='bbox 725 2538 759 2595; x_wconf 86' lang='lat' dir='ltr'>(v.</span> <span class='ocrx_word' id='word_1_222' title='bbox 779 2535 797 2584; x_wconf 91' lang='lat' dir='ltr'>i.</span> <span class='ocrx_word' id='word_1_223' title='bbox 819 2534 916 2585; x_wconf 84' lang='lat' dir='ltr'>Lenaea</span> <span class='ocrx_word' id='word_1_224' title='bbox 937 2553 960 2585; x_wconf 88' lang='lat' dir='ltr'>n.</span> <span class='ocrx_word' id='word_1_225' title='bbox 976 2537 1024 2598; x_wconf 80' lang='lat' dir='ltr'>llll,</span> <span class='ocrx_word' id='word_1_226' title='bbox 1054 2551 1102 2584; x_wconf 94' lang='lat' dir='ltr'>non</span> <span class='ocrx_word' id='word_1_227' title='bbox 1128 2535 1160 2583; x_wconf 90' lang='lat' dir='ltr'>ah</span> <span class='ocrx_word' id='word_1_228' title='bbox 1181 2533 1330 2584; x_wconf 81' lang='lat' dir='ltr'>utantteret</span> <span class='ocrx_word' id='word_1_229' title='bbox 1349 2549 1422 2584; x_wconf 87' lang='lat' dir='ltr'>sacro</span> 
     </span>
     <span class='ocr_line' id='line_1_24' title="bbox 141 2616 1076 2684; baseline -0.004 -14"><span class='ocrx_word' id='word_1_230' title='bbox 141 2618 288 2682; x_wconf 81' lang='lat' dir='ltr'>(Mommsen</span> <span class='ocrx_word' id='word_1_231' title='bbox 307 2635 330 2684; x_wconf 84' lang='lat' dir='ltr'>p.</span> <span class='ocrx_word' id='word_1_232' title='bbox 343 2619 403 2681; x_wconf 78' lang='lat'><strong>28³)</strong></span> <span class='ocrx_word' id='word_1_233' title='bbox 421 2634 522 2668; x_wconf 89' lang='lat' dir='ltr'>cursum</span> <span class='ocrx_word' id='word_1_234' title='bbox 541 2624 567 2667; x_wconf 92' lang='lat' dir='ltr'>et</span> <span class='ocrx_word' id='word_1_235' title='bbox 587 2633 698 2683; x_wconf 81' lang='lat' dir='ltr'>pompam</span> <span class='ocrx_word' id='word_1_236' title='bbox 718 2616 855 2682; x_wconf 74' lang='lat' dir='ltr'>prolectam</span> <span class='ocrx_word' id='word_1_237' title='bbox 875 2633 932 2668; x_wconf 89' lang='lat' dir='ltr'>esse</span> <span class='ocrx_word' id='word_1_238' title='bbox 952 2617 1076 2683; x_wconf 87' lang='lat' dir='ltr'>sequitur.</span> 
     </span>
    </p>

    <p class='ocr_par' dir='ltr' id='par_1_7' title="bbox 241 2696 555 2766">
     <span class='ocr_line' id='line_1_25' title="bbox 241 2696 555 2766; baseline -0.006 -16"><span class='ocrx_word' id='word_1_239' title='bbox 241 2701 272 2762; x_wconf 78' lang='lat'>¹⁴)</span> <span class='ocrx_word' id='word_1_240' title='bbox 291 2701 349 2750; x_wconf 86' lang='lat' dir='ltr'>Hes.</span> <span class='ocrx_word' id='word_1_241' title='bbox 368 2696 555 2766; x_wconf 79' lang='grc' dir='ltr'><strong><em>ὠσχοφόριον.</em></strong></span> 
     </span>
    </p>

    <p class='ocr_par' dir='ltr' id='par_1_8' title="bbox 138 2776 1427 4078">
     <span class='ocr_line' id='line_1_26' title="bbox 241 2776 1425 2846; baseline -0.003 -15"><span class='ocrx_word' id='word_1_242' title='bbox 241 2780 272 2843; x_wconf 77' lang='lat'>¹⁶)</span> <span class='ocrx_word' id='word_1_243' title='bbox 292 2782 370 2832; x_wconf 86' lang='lat' dir='ltr'>schol.</span> <span class='ocrx_word' id='word_1_244' title='bbox 390 2781 496 2833; x_wconf 86' lang='lat' dir='ltr'>Nicand.</span> <span class='ocrx_word' id='word_1_245' title='bbox 516 2780 633 2846; x_wconf 78' lang='lat' dir='ltr'>Alexinh.</span> <span class='ocrx_word' id='word_1_246' title='bbox 653 2780 709 2843; x_wconf 83' lang='lat'>109,</span> <span class='ocrx_word' id='word_1_247' title='bbox 737 2780 821 2831; x_wconf 87' lang='lat' dir='ltr'>Procl.</span> <span class='ocrx_word' id='word_1_248' title='bbox 841 2781 903 2843; x_wconf 89' lang='lat' dir='ltr'>l.c.,</span> <span class='ocrx_word' id='word_1_249' title='bbox 931 2780 1022 2830; x_wconf 87' lang='lat' dir='ltr'>Athen.</span> <span class='ocrx_word' id='word_1_250' title='bbox 1041 2776 1168 2829; x_wconf 77' lang='lat' dir='ltr'>dellhf.</span> <span class='ocrx_word' id='word_1_251' title='bbox 1194 2779 1259 2845; x_wconf 82' lang='lat' dir='ltr'>quud</span> <span class='ocrx_word' id='word_1_252' title='bbox 1279 2778 1425 2830; x_wconf 83' lang='lat' dir='ltr'>Athenaeus</span> 
     </span>
     <span class='ocr_line' id='line_1_27' title="bbox 140 2854 1427 2932; baseline -0.005 -17"><span class='ocrx_word' id='word_1_253' title='bbox 140 2865 247 2931; x_wconf 85' lang='lat' dir='ltr'>primum</span> <span class='ocrx_word' id='word_1_254' title='bbox 267 2864 331 2913; x_wconf 88' lang='lat' dir='ltr'>dicit</span> <span class='ocrx_word' id='word_1_255' title='bbox 350 2858 524 2914; x_wconf 76' lang='grc' dir='ltr'><em>πενταπλόα·</em></span> <span class='ocrx_word' id='word_1_256' title='bbox 542 2857 706 2931; x_wconf 76' lang='grc' dir='ltr'><em>μνημονεύει</em></span> <span class='ocrx_word' id='word_1_257' title='bbox 727 2857 807 2927; x_wconf 80' lang='grc' dir='ltr'><strong><em>αὐτῆς</em></strong></span> <span class='ocrx_word' id='word_1_258' title='bbox 824 2856 978 2932; x_wconf 78' lang='grc' dir='ltr'><strong><em>Φιλόχορος</em></strong></span> <span class='ocrx_word' id='word_1_259' title='bbox 995 2859 1026 2916; x_wconf 66' lang='grc' dir='ltr'>ἓν</span> <span class='ocrx_word' id='word_1_260' title='bbox 1041 2854 1065 2926; x_wconf 69' lang='lat' dir='ltr'>,l</span> <span class='ocrx_word' id='word_1_261' title='bbox 1081 2854 1210 2918; x_wconf 73' lang='grc' dir='ltr'>Ἀτθίδος</span> <span class='ocrx_word' id='word_1_262' title='bbox 1227 2861 1384 2912; x_wconf 85' lang='lat' dir='ltr'>scholiastae</span> <span class='ocrx_word' id='word_1_263' title='bbox 1401 2867 1427 2909; x_wconf 89' lang='lat' dir='ltr'>et</span> 
     </span>
     <span class='ocr_line' id='line_1_28' title="bbox 140 2936 1424 3012; baseline -0.003 -17"><span class='ocrx_word' id='word_1_264' title='bbox 140 2945 226 2995; x_wconf 86' lang='lat' dir='ltr'>Procli</span> <span class='ocrx_word' id='word_1_265' title='bbox 255 2944 401 2994; x_wconf 86' lang='lat' dir='ltr'>testimonia</span> <span class='ocrx_word' id='word_1_266' title='bbox 428 2944 569 3007; x_wconf 69' lang='lat' dir='ltr'>continuat,</span> <span class='ocrx_word' id='word_1_267' title='bbox 597 2960 652 2994; x_wconf 92' lang='lat' dir='ltr'>cum</span> <span class='ocrx_word' id='word_1_268' title='bbox 680 2959 711 2993; x_wconf 78' lang='lat' dir='ltr'>ex</span> <span class='ocrx_word' id='word_1_269' title='bbox 732 2943 931 3008; x_wconf 83' lang='lat' dir='ltr'>Harpocratioue</span> <span class='ocrx_word' id='word_1_270' title='bbox 958 2936 1111 3012; x_wconf 75' lang='grc' dir='ltr'><strong><em>ὀσχοφόροι</em></strong></span> <span class='ocrx_word' id='word_1_271' title='bbox 1130 2942 1309 2992; x_wconf 86' lang='lat' dir='ltr'>Philochoruau</span> <span class='ocrx_word' id='word_1_272' title='bbox 1328 2941 1424 2993; x_wconf 77' lang='lat' dir='ltr'>usaue-</span> 
     </span>
     <span class='ocr_line' id='line_1_29' title="bbox 140 3014 1426 3093; baseline -0.002 -18"><span class='ocrx_word' id='word_1_273' title='bbox 140 3028 229 3093; x_wconf 85' lang='lat' dir='ltr'>phorin</span> <span class='ocrx_word' id='word_1_274' title='bbox 248 3027 273 3077; x_wconf 90' lang='lat' dir='ltr'>iu</span> <span class='ocrx_word' id='word_1_275' title='bbox 295 3027 360 3076; x_wconf 88' lang='lat' dir='ltr'>libro</span> <span class='ocrx_word' id='word_1_276' title='bbox 380 3027 461 3075; x_wconf 91' lang='lat' dir='ltr'>altero</span> <span class='ocrx_word' id='word_1_277' title='bbox 480 3034 608 3076; x_wconf 75' lang='lat' dir='ltr'>tractasse</span> <span class='ocrx_word' id='word_1_278' title='bbox 627 3027 737 3075; x_wconf 89' lang='lat' dir='ltr'>sciamus</span> <span class='ocrx_word' id='word_1_279' title='bbox 757 3027 830 3090; x_wconf 87' lang='lat' dir='ltr'>(quod</span> <span class='ocrx_word' id='word_1_280' title='bbox 845 3027 956 3076; x_wconf 89' lang='lat' dir='ltr'>traditor</span> <span class='ocrx_word' id='word_1_281' title='bbox 971 3021 1128 3090; x_wconf 72' lang='grc' dir='ltr'><strong><em>Φιλόχορος</em></strong></span> <span class='ocrx_word' id='word_1_282' title='bbox 1139 3023 1169 3076; x_wconf 67' lang='grc' dir='ltr'>ἐν</span> <span class='ocrx_word' id='word_1_283' title='bbox 1180 3026 1223 3088; x_wconf 71' lang='lat' dir='ltr'>via</span> <span class='ocrx_word' id='word_1_284' title='bbox 1237 3014 1272 3088; x_wconf 77' lang='grc' dir='ltr'>ιβ’</span> <span class='ocrx_word' id='word_1_285' title='bbox 1286 3022 1426 3074; x_wconf 84' lang='lat' dir='ltr'>Buechhiua</span> 
     </span>
     <span class='ocr_line' id='line_1_30' title="bbox 139 3097 1426 3174; baseline -0.005 -14"><span class='ocrx_word' id='word_1_286' title='bbox 139 3109 301 3168; x_wconf 78' lang='lat' dir='ltr'>emandavit).</span> <span class='ocrx_word' id='word_1_287' title='bbox 338 3110 382 3157; x_wconf 88' lang='lat' dir='ltr'>aed</span> <span class='ocrx_word' id='word_1_288' title='bbox 402 3109 494 3158; x_wconf 87' lang='lat' dir='ltr'>misere</span> <span class='ocrx_word' id='word_1_289' title='bbox 512 3115 633 3174; x_wconf 77' lang='lat' dir='ltr'>corrupta</span> <span class='ocrx_word' id='word_1_290' title='bbox 653 3116 711 3158; x_wconf 91' lang='lat' dir='ltr'>suut</span> <span class='ocrx_word' id='word_1_291' title='bbox 730 3122 793 3173; x_wconf 88' lang='lat' dir='ltr'>quae</span> <span class='ocrx_word' id='word_1_292' title='bbox 812 3115 951 3174; x_wconf 83' lang='lat' dir='ltr'>sequuntur</span> <span class='ocrx_word' id='word_1_293' title='bbox 970 3122 1000 3158; x_wconf 83' lang='lat' dir='ltr'>ex</span> <span class='ocrx_word' id='word_1_294' title='bbox 1022 3107 1178 3158; x_wconf 86' lang='lat' dir='ltr'>Aristodemi</span> <span class='ocrx_word' id='word_1_295' title='bbox 1199 3107 1263 3174; x_wconf 85' lang='grc' dir='ltr'><strong><em>περλ</em></strong></span> <span class='ocrx_word' id='word_1_296' title='bbox 1280 3097 1426 3174; x_wconf 74' lang='grc' dir='ltr'>Πινδάρου</span> 
     </span>
     <span class='ocr_line' id='line_1_31' title="bbox 139 3185 1425 3256; baseline -0.006 -14"><span class='ocrx_word' id='word_1_297' title='bbox 139 3192 206 3242; x_wconf 87' lang='lat' dir='ltr'>libro</span> <span class='ocrx_word' id='word_1_298' title='bbox 226 3192 306 3243; x_wconf 88' lang='lat' dir='ltr'>tertio</span> <span class='ocrx_word' id='word_1_299' title='bbox 325 3191 350 3256; x_wconf 84' lang='lat' dir='ltr'>(e</span> <span class='ocrx_word' id='word_1_300' title='bbox 368 3189 520 3241; x_wconf 89' lang='lat' dir='ltr'>Philochoro</span> <span class='ocrx_word' id='word_1_301' title='bbox 540 3190 729 3240; x_wconf 78' lang='lat' dir='ltr'>Aristodemum</span> <span class='ocrx_word' id='word_1_302' title='bbox 748 3191 864 3239; x_wconf 86' lang='lat' dir='ltr'>hausisse</span> <span class='ocrx_word' id='word_1_303' title='bbox 885 3190 1009 3240; x_wconf 79' lang='lat' dir='ltr'>liobertns</span> <span class='ocrx_word' id='word_1_304' title='bbox 1031 3196 1102 3255; x_wconf 85' lang='lat' dir='ltr'>putat</span> <span class='ocrx_word' id='word_1_305' title='bbox 1121 3189 1204 3240; x_wconf 86' lang='lat' dir='ltr'>llsrna.</span> <span class='ocrx_word' id='word_1_306' title='bbox 1218 3185 1272 3238; x_wconf 76' lang='lat' dir='ltr'>XX</span> <span class='ocrx_word' id='word_1_307' title='bbox 1287 3203 1310 3252; x_wconf 84' lang='grc' dir='ltr'>ρ.</span> <span class='ocrx_word' id='word_1_308' title='bbox 1321 3186 1380 3248; x_wconf 85' lang='grc'>356,</span> <span class='ocrx_word' id='word_1_309' title='bbox 1391 3186 1425 3247; x_wconf 67' lang='grc'>2).</span> 
     </span>
     <span class='ocr_line' id='line_1_32' title="bbox 139 3269 1425 3338; baseline -0.005 -15"><span class='ocrx_word' id='word_1_310' title='bbox 139 3275 183 3324; x_wconf 85' lang='lat' dir='ltr'>sed</span> <span class='ocrx_word' id='word_1_311' title='bbox 203 3275 326 3338; x_wconf 87' lang='lat' dir='ltr'>quomodo</span> <span class='ocrx_word' id='word_1_312' title='bbox 345 3274 473 3324; x_wconf 88' lang='lat' dir='ltr'>sententia</span> <span class='ocrx_word' id='word_1_313' title='bbox 487 3273 639 3322; x_wconf 85' lang='lat' dir='ltr'>emendanda</span> <span class='ocrx_word' id='word_1_314' title='bbox 653 3273 690 3321; x_wconf 91' lang='lat' dir='ltr'>sit</span> <span class='ocrx_word' id='word_1_315' title='bbox 702 3273 834 3337; x_wconf 87' lang='lat' dir='ltr'>(quomodo</span> <span class='ocrx_word' id='word_1_316' title='bbox 848 3272 914 3321; x_wconf 89' lang='lat' dir='ltr'>enim</span> <span class='ocrx_word' id='word_1_317' title='bbox 928 3273 1005 3321; x_wconf 87' lang='lat' dir='ltr'>verba</span> <span class='ocrx_word' id='word_1_318' title='bbox 1020 3272 1145 3322; x_wconf 83' lang='lat' dir='ltr'>restituas</span> <span class='ocrx_word' id='word_1_319' title='bbox 1158 3286 1203 3338; x_wconf 81' lang='lat' dir='ltr'>pro</span> <span class='ocrx_word' id='word_1_320' title='bbox 1216 3270 1264 3320; x_wconf 91' lang='lat' dir='ltr'>hac</span> <span class='ocrx_word' id='word_1_321' title='bbox 1276 3269 1425 3334; x_wconf 76' lang='lat' dir='ltr'>quaestione</span> 
     </span>
     <span class='ocr_line' id='line_1_33' title="bbox 139 3347 1425 3419; baseline -0.007 -13"><span class='ocrx_word' id='word_1_322' title='bbox 139 3356 226 3419; x_wconf 80' lang='lat' dir='ltr'>exigui</span> <span class='ocrx_word' id='word_1_323' title='bbox 246 3355 364 3404; x_wconf 78' lang='lat' dir='ltr'>momenti</span> <span class='ocrx_word' id='word_1_324' title='bbox 383 3356 432 3415; x_wconf 87' lang='lat' dir='ltr'>est)</span> <span class='ocrx_word' id='word_1_325' title='bbox 451 3354 561 3403; x_wconf 90' lang='lat' dir='ltr'>dubitari</span> <span class='ocrx_word' id='word_1_326' title='bbox 581 3370 628 3402; x_wconf 90' lang='lat' dir='ltr'>uon</span> <span class='ocrx_word' id='word_1_327' title='bbox 649 3360 741 3418; x_wconf 81' lang='lat' dir='ltr'>potest,</span> <span class='ocrx_word' id='word_1_328' title='bbox 760 3369 815 3402; x_wconf 86' lang='lat' dir='ltr'>cunr</span> <span class='ocrx_word' id='word_1_329' title='bbox 835 3355 941 3417; x_wconf 78' lang='lat' dir='ltr'>primum</span> <span class='ocrx_word' id='word_1_330' title='bbox 957 3348 1095 3416; x_wconf 72' lang='grc' dir='ltr'>Ἀθήναζε,</span> <span class='ocrx_word' id='word_1_331' title='bbox 1114 3352 1205 3402; x_wconf 88' lang='lat' dir='ltr'>deiude</span> <span class='ocrx_word' id='word_1_332' title='bbox 1224 3365 1238 3400; x_wconf 93' lang='lat' dir='ltr'>a</span> <span class='ocrx_word' id='word_1_333' title='bbox 1257 3350 1349 3401; x_wconf 82' lang='lat' dir='ltr'>Bacchi</span> <span class='ocrx_word' id='word_1_334' title='bbox 1368 3347 1425 3399; x_wconf 87' lang='lat' dir='ltr'>iano</span> 
     </span>
     <span class='ocr_line' id='line_1_34' title="bbox 139 3431 1425 3500; baseline -0.005 -14"><span class='ocrx_word' id='word_1_335' title='bbox 139 3437 169 3486; x_wconf 91' lang='lat' dir='ltr'>nd</span> <span class='ocrx_word' id='word_1_336' title='bbox 190 3438 322 3488; x_wconf 86' lang='lat' dir='ltr'>ldiuervac</span> <span class='ocrx_word' id='word_1_337' title='bbox 341 3437 456 3487; x_wconf 88' lang='lat' dir='ltr'>Scirndia</span> <span class='ocrx_word' id='word_1_338' title='bbox 476 3450 584 3485; x_wconf 84' lang='lat' dir='ltr'>snorum</span> <span class='ocrx_word' id='word_1_339' title='bbox 611 3450 705 3500; x_wconf 86' lang='lat' dir='ltr'>pueros</span> <span class='ocrx_word' id='word_1_340' title='bbox 732 3449 833 3484; x_wconf 84' lang='lat' dir='ltr'>rursum</span> <span class='ocrx_word' id='word_1_341' title='bbox 862 3435 999 3485; x_wconf 82' lang='lat' dir='ltr'>instituere</span> <span class='ocrx_word' id='word_1_342' title='bbox 1028 3432 1158 3500; x_wconf 80' lang='lat' dir='ltr'>professus</span> <span class='ocrx_word' id='word_1_343' title='bbox 1176 3432 1356 3484; x_wconf 76' lang='lat' dir='ltr'>Aristodemus</span> <span class='ocrx_word' id='word_1_344' title='bbox 1375 3431 1425 3481; x_wconf 85' lang='lat' dir='ltr'>sihi</span> 
     </span>
     <span class='ocr_line' id='line_1_35' title="bbox 140 3515 1426 3586; baseline -0.004 -18"><span class='ocrx_word' id='word_1_345' title='bbox 140 3522 188 3586; x_wconf 78' lang='lat' dir='ltr'>ipsi</span> <span class='ocrx_word' id='word_1_346' title='bbox 207 3520 373 3571; x_wconf 77' lang='lat' dir='ltr'>contradicat.</span> <span class='ocrx_word' id='word_1_347' title='bbox 413 3537 468 3570; x_wconf 88' lang='lat' dir='ltr'>uam</span> <span class='ocrx_word' id='word_1_348' title='bbox 488 3518 676 3570; x_wconf 87' lang='lat' dir='ltr'>Aristodemum</span> <span class='ocrx_word' id='word_1_349' title='bbox 705 3533 782 3583; x_wconf 83' lang='lat' dir='ltr'>nsque</span> <span class='ocrx_word' id='word_1_350' title='bbox 810 3519 840 3568; x_wconf 87' lang='lat' dir='ltr'>ad</span> <span class='ocrx_word' id='word_1_351' title='bbox 868 3519 939 3567; x_wconf 86' lang='lat' dir='ltr'>linem</span> <span class='ocrx_word' id='word_1_352' title='bbox 968 3518 1124 3583; x_wconf 84' lang='lat' dir='ltr'>exscriptum</span> <span class='ocrx_word' id='word_1_353' title='bbox 1152 3531 1209 3568; x_wconf 81' lang='lat' dir='ltr'>asna</span> <span class='ocrx_word' id='word_1_354' title='bbox 1232 3515 1291 3566; x_wconf 85' lang='lat' dir='ltr'>inda</span> <span class='ocrx_word' id='word_1_355' title='bbox 1310 3523 1426 3582; x_wconf 77' lang='lat' dir='ltr'>apparet,</span> 
     </span>
     <span class='ocr_line' id='line_1_36' title="bbox 140 3588 1425 3670; baseline -0.006 -18"><span class='ocrx_word' id='word_1_356' title='bbox 140 3606 204 3670; x_wconf 86' lang='lat' dir='ltr'>qnod</span> <span class='ocrx_word' id='word_1_357' title='bbox 225 3604 272 3652; x_wconf 90' lang='lat' dir='ltr'>uisi</span> <span class='ocrx_word' id='word_1_358' title='bbox 293 3604 317 3652; x_wconf 93' lang='lat' dir='ltr'>in</span> <span class='ocrx_word' id='word_1_359' title='bbox 339 3604 387 3653; x_wconf 82' lang='lat' dir='ltr'>dne</span> <span class='ocrx_word' id='word_1_360' title='bbox 406 3619 444 3661; x_wconf 89' lang='lat' dir='ltr'>ea,</span> <span class='ocrx_word' id='word_1_361' title='bbox 473 3603 546 3652; x_wconf 89' lang='lat' dir='ltr'>cuius</span> <span class='ocrx_word' id='word_1_362' title='bbox 565 3601 648 3665; x_wconf 73' lang='lat' dir='ltr'>gratia</span> <span class='ocrx_word' id='word_1_363' title='bbox 669 3600 816 3650; x_wconf 85' lang='lat' dir='ltr'>Athenaeus</span> <span class='ocrx_word' id='word_1_364' title='bbox 836 3600 909 3650; x_wconf 87' lang='lat' dir='ltr'>illurn</span> <span class='ocrx_word' id='word_1_365' title='bbox 929 3599 1073 3665; x_wconf 85' lang='lat' dir='ltr'>exscripsit,</span> <span class='ocrx_word' id='word_1_366' title='bbox 1103 3588 1262 3650; x_wconf 73' lang='grc' dir='ltr'><strong><em>πενταπλόα</em></strong></span> <span class='ocrx_word' id='word_1_367' title='bbox 1287 3612 1336 3647; x_wconf 94' lang='lat' dir='ltr'>nou</span> <span class='ocrx_word' id='word_1_368' title='bbox 1355 3610 1425 3646; x_wconf 80' lang='lat' dir='ltr'>con·</span> 
     </span>
     <span class='ocr_line' id='line_1_37' title="bbox 139 3679 1424 3749; baseline -0.009 -13"><span class='ocrx_word' id='word_1_369' title='bbox 139 3695 302 3738; x_wconf 89' lang='lat' dir='ltr'>memoratur.</span> <span class='ocrx_word' id='word_1_370' title='bbox 339 3687 402 3749; x_wconf 84' lang='lat' dir='ltr'>quod</span> <span class='ocrx_word' id='word_1_371' title='bbox 432 3693 514 3734; x_wconf 88' lang='lat' dir='ltr'>antem</span> <span class='ocrx_word' id='word_1_372' title='bbox 534 3684 679 3734; x_wconf 79' lang='lat' dir='ltr'>Athenaeus</span> <span class='ocrx_word' id='word_1_373' title='bbox 699 3682 777 3731; x_wconf 91' lang='lat' dir='ltr'>initio</span> <span class='ocrx_word' id='word_1_374' title='bbox 797 3683 915 3731; x_wconf 81' lang='lat' dir='ltr'>oratione</span> <span class='ocrx_word' id='word_1_375' title='bbox 934 3681 1045 3746; x_wconf 89' lang='lat' dir='ltr'>obliqua,</span> <span class='ocrx_word' id='word_1_376' title='bbox 1072 3681 1163 3730; x_wconf 87' lang='lat' dir='ltr'>deinde</span> <span class='ocrx_word' id='word_1_377' title='bbox 1184 3685 1254 3730; x_wconf 88' lang='lat' dir='ltr'>reeta</span> <span class='ocrx_word' id='word_1_378' title='bbox 1272 3679 1358 3729; x_wconf 86' lang='lat' dir='ltr'>utitur</span> <span class='ocrx_word' id='word_1_379' title='bbox 1377 3694 1424 3726; x_wconf 90' lang='lat' dir='ltr'>nna</span> 
     </span>
     <span class='ocr_line' id='line_1_38' title="bbox 140 3759 1425 3831; baseline -0.007 -13"><span class='ocrx_word' id='word_1_380' title='bbox 140 3768 257 3830; x_wconf 78' lang='lat' dir='ltr'>offendit3</span> <span class='ocrx_word' id='word_1_381' title='bbox 285 3768 349 3816; x_wconf 86' lang='lat' dir='ltr'>tulin</span> <span class='ocrx_word' id='word_1_382' title='bbox 376 3768 440 3815; x_wconf 89' lang='lat' dir='ltr'>enim</span> <span class='ocrx_word' id='word_1_383' title='bbox 460 3782 535 3829; x_wconf 77' lang='lat' dir='ltr'>saepo</span> <span class='ocrx_word' id='word_1_384' title='bbox 554 3773 693 3816; x_wconf 89' lang='lat' dir='ltr'>occurrunt</span> <span class='ocrx_word' id='word_1_385' title='bbox 713 3765 796 3826; x_wconf 82' lang='lat' dir='ltr'>(volut</span> <span class='ocrx_word' id='word_1_386' title='bbox 814 3764 879 3831; x_wconf 84' lang='lat' dir='ltr'>apud</span> <span class='ocrx_word' id='word_1_387' title='bbox 900 3763 1047 3826; x_wconf 86' lang='lat' dir='ltr'>Diodorum,</span> <span class='ocrx_word' id='word_1_388' title='bbox 1075 3779 1146 3828; x_wconf 83' lang='lat' dir='ltr'>quern</span> <span class='ocrx_word' id='word_1_389' title='bbox 1166 3761 1270 3812; x_wconf 85' lang='lat' dir='ltr'>Bathiua</span> <span class='ocrx_word' id='word_1_390' title='bbox 1289 3759 1425 3821; x_wconf 85' lang='lat' dir='ltr'>tractarit)</span> 
     </span>
     <span class='ocr_line' id='line_1_39' title="bbox 140 3837 1425 3916; baseline -0.007 -17"><span class='ocrx_word' id='word_1_391' title='bbox 140 3866 219 3916; x_wconf 86' lang='lat' dir='ltr'>neque</span> <span class='ocrx_word' id='word_1_392' title='bbox 238 3849 290 3898; x_wconf 92' lang='lat' dir='ltr'>ullo</span> <span class='ocrx_word' id='word_1_393' title='bbox 310 3848 388 3898; x_wconf 88' lang='lat' dir='ltr'>verbo</span> <span class='ocrx_word' id='word_1_394' title='bbox 409 3848 562 3908; x_wconf 87' lang='lat' dir='ltr'>Athenaeus,</span> <span class='ocrx_word' id='word_1_395' title='bbox 591 3848 632 3897; x_wconf 93' lang='lat' dir='ltr'>cui</span> <span class='ocrx_word' id='word_1_396' title='bbox 660 3847 715 3896; x_wconf 90' lang='lat' dir='ltr'>sola</span> <span class='ocrx_word' id='word_1_397' title='bbox 742 3837 905 3900; x_wconf 83' lang='grc' dir='ltr'><strong><em>πενταπλόα</em></strong></span> <span class='ocrx_word' id='word_1_398' title='bbox 933 3846 1003 3895; x_wconf 87' lang='lat' dir='ltr'>cordi</span> <span class='ocrx_word' id='word_1_399' title='bbox 1022 3851 1070 3904; x_wconf 81' lang='lat' dir='ltr'>est,</span> <span class='ocrx_word' id='word_1_400' title='bbox 1091 3843 1254 3894; x_wconf 85' lang='lat' dir='ltr'>Aristodemo</span> <span class='ocrx_word' id='word_1_401' title='bbox 1273 3857 1303 3892; x_wconf 83' lang='lat' dir='ltr'>aa</span> <span class='ocrx_word' id='word_1_402' title='bbox 1321 3840 1425 3906; x_wconf 79' lang='lat' dir='ltr'>obloqui</span> 
     </span>
     <span class='ocr_line' id='line_1_40' title="bbox 138 3926 1425 3998; baseline -0.008 -16"><span class='ocrx_word' id='word_1_403' title='bbox 138 3933 274 3995; x_wconf 81' lang='lat' dir='ltr'>significat.</span> <span class='ocrx_word' id='word_1_404' title='bbox 311 3932 371 3980; x_wconf 87' lang='lat' dir='ltr'>item</span> <span class='ocrx_word' id='word_1_405' title='bbox 398 3933 455 3984; x_wconf 78' lang='grc' dir='ltr'><strong><em>τοῖς</em></strong></span> <span class='ocrx_word' id='word_1_406' title='bbox 474 3931 584 3998; x_wconf 75' lang='grc' dir='ltr'><strong><em>Σκίροις</em></strong></span> <span class='ocrx_word' id='word_1_407' title='bbox 611 3929 759 3980; x_wconf 87' lang='lat' dir='ltr'>ellinervu</span> <span class='ocrx_word' id='word_1_408' title='bbox 779 3930 884 3980; x_wconf 86' lang='lat' dir='ltr'>Seirade</span> <span class='ocrx_word' id='word_1_409' title='bbox 912 3926 999 3992; x_wconf 87' lang='lat' dir='ltr'>aliquo</span> <span class='ocrx_word' id='word_1_410' title='bbox 1019 3927 1089 3976; x_wconf 90' lang='lat' dir='ltr'>modo</span> <span class='ocrx_word' id='word_1_411' title='bbox 1109 3931 1256 3991; x_wconf 79' lang='lat' dir='ltr'>corruptum</span> <span class='ocrx_word' id='word_1_412' title='bbox 1276 3930 1322 3974; x_wconf 91' lang='lat' dir='ltr'>aut</span> <span class='ocrx_word' id='word_1_413' title='bbox 1347 3936 1425 3988; x_wconf 77' lang='lat' dir='ltr'>prata</span> 
     </span>
     <span class='ocr_line' id='line_1_41' title="bbox 139 4005 1424 4078; baseline -0.008 -15"><span class='ocrx_word' id='word_1_414' title='bbox 139 4013 299 4064; x_wconf 87' lang='lat' dir='ltr'>intellectum</span> <span class='ocrx_word' id='word_1_415' title='bbox 321 4022 369 4075; x_wconf 87' lang='lat' dir='ltr'>est,</span> <span class='ocrx_word' id='word_1_416' title='bbox 388 4011 418 4061; x_wconf 90' lang='lat' dir='ltr'>cl.</span> <span class='ocrx_word' id='word_1_417' title='bbox 441 4011 576 4061; x_wconf 85' lang='lat' dir='ltr'>llobertum</span> <span class='ocrx_word' id='word_1_418' title='bbox 596 4012 612 4060; x_wconf 87' lang='lat' dir='ltr'>l.</span> <span class='ocrx_word' id='word_1_419' title='bbox 625 4028 646 4060; x_wconf 86' lang='lat' dir='ltr'>c.</span> <span class='ocrx_word' id='word_1_420' title='bbox 660 4029 682 4076; x_wconf 85' lang='lat' dir='ltr'>p.</span> <span class='ocrx_word' id='word_1_421' title='bbox 695 4012 752 4061; x_wconf 75' lang='lat'>357.</span> <span class='ocrx_word' id='word_1_422' title='bbox 780 4019 913 4078; x_wconf 79' lang='lat' dir='ltr'>praeteren</span> <span class='ocrx_word' id='word_1_423' title='bbox 934 4008 1056 4060; x_wconf 89' lang='lat' dir='ltr'>Nicandri</span> <span class='ocrx_word' id='word_1_424' title='bbox 1076 4008 1229 4058; x_wconf 85' lang='lat' dir='ltr'>scholiastae</span> <span class='ocrx_word' id='word_1_425' title='bbox 1248 4005 1424 4056; x_wconf 79' lang='lat' dir='ltr'>testimouium</span> 
     </span>
    </p>
   </div>
   <div class='ocr_carea' id='block_1_5' title="bbox 139 4094 457 4157">
    <p class='ocr_par' dir='ltr' id='par_1_9' title="bbox 139 4094 457 4157">
     <span class='ocr_line' id='line_1_42' title="bbox 139 4094 457 4157; baseline -0.006 -12"><span class='ocrx_word' id='word_1_426' title='bbox 139 4097 297 4146; x_wconf 85' lang='lat' dir='ltr'>Athenaeum</span> <span class='ocrx_word' id='word_1_427' title='bbox 317 4094 457 4157; x_wconf 79' lang='lat' dir='ltr'>redarguit.</span> 
     </span>
    </p>
   </div>
   <div class='ocr_carea' id='block_1_6' title="bbox 139 4180 1425 4580">
    <p class='ocr_par' dir='ltr' id='par_1_10' title="bbox 139 4180 1425 4501">
     <span class='ocr_line' id='line_1_43' title="bbox 240 4180 1425 4253; baseline -0.009 -12"><span class='ocrx_word' id='word_1_428' title='bbox 240 4192 270 4253; x_wconf 80' lang='lat'>¹⁸)</span> <span class='ocrx_word' id='word_1_429' title='bbox 291 4192 382 4242; x_wconf 87' lang='lat' dir='ltr'>Athen.</span> <span class='ocrx_word' id='word_1_430' title='bbox 404 4191 466 4251; x_wconf 87' lang='lat' dir='ltr'>l.c.,</span> <span class='ocrx_word' id='word_1_431' title='bbox 494 4187 577 4238; x_wconf 87' lang='lat' dir='ltr'>Procl.</span> <span class='ocrx_word' id='word_1_432' title='bbox 597 4188 648 4238; x_wconf 88' lang='lat' dir='ltr'>l.c.</span> <span class='ocrx_word' id='word_1_433' title='bbox 669 4205 803 4253; x_wconf 82' lang='lat' dir='ltr'>puerorum</span> <span class='ocrx_word' id='word_1_434' title='bbox 823 4204 941 4238; x_wconf 85' lang='lat' dir='ltr'>numerus</span> <span class='ocrx_word' id='word_1_435' title='bbox 971 4201 1118 4252; x_wconf 83' lang='lat' dir='ltr'>quamquam</span> <span class='ocrx_word' id='word_1_436' title='bbox 1146 4184 1231 4234; x_wconf 84' lang='lat' dir='ltr'>decena</span> <span class='ocrx_word' id='word_1_437' title='bbox 1259 4181 1341 4234; x_wconf 81' lang='lat' dir='ltr'>inisse</span> <span class='ocrx_word' id='word_1_438' title='bbox 1368 4180 1425 4231; x_wconf 87' lang='lat' dir='ltr'>veri</span> 
     </span>
     <span class='ocr_line' id='line_1_44' title="bbox 139 4262 1424 4336; baseline -0.01 -12"><span class='ocrx_word' id='word_1_439' title='bbox 139 4276 224 4325; x_wconf 88' lang='lat' dir='ltr'>simile</span> <span class='ocrx_word' id='word_1_440' title='bbox 244 4281 292 4336; x_wconf 82' lang='lat' dir='ltr'>est,</span> <span class='ocrx_word' id='word_1_441' title='bbox 311 4281 393 4323; x_wconf 88' lang='lat' dir='ltr'>tamen</span> <span class='ocrx_word' id='word_1_442' title='bbox 413 4281 485 4323; x_wconf 88' lang='lat' dir='ltr'>certo</span> <span class='ocrx_word' id='word_1_443' title='bbox 505 4273 606 4322; x_wconf 91' lang='lat' dir='ltr'>deliniri</span> <span class='ocrx_word' id='word_1_444' title='bbox 627 4273 722 4336; x_wconf 86' lang='lat' dir='ltr'>nequit.</span> <span class='ocrx_word' id='word_1_445' title='bbox 752 4272 824 4320; x_wconf 88' lang='lat' dir='ltr'>binos</span> <span class='ocrx_word' id='word_1_446' title='bbox 842 4279 926 4321; x_wconf 89' lang='lat' dir='ltr'>autem</span> <span class='ocrx_word' id='word_1_447' title='bbox 940 4284 1033 4336; x_wconf 79' lang='lat' dir='ltr'>pueros</span> <span class='ocrx_word' id='word_1_448' title='bbox 1047 4283 1060 4318; x_wconf 90' lang='lat' dir='ltr'>e</span> <span class='ocrx_word' id='word_1_449' title='bbox 1074 4267 1183 4330; x_wconf 74' lang='lat' dir='ltr'>siugulis</span> <span class='ocrx_word' id='word_1_450' title='bbox 1196 4264 1316 4316; x_wconf 87' lang='lat' dir='ltr'>trihuhus</span> <span class='ocrx_word' id='word_1_451' title='bbox 1329 4262 1424 4314; x_wconf 82' lang='lat' dir='ltr'>alectus</span> 
     </span>
     <span class='ocr_line' id='line_1_45' title="bbox 139 4339 1424 4423; baseline -0.009 -16"><span class='ocrx_word' id='word_1_452' title='bbox 139 4373 196 4407; x_wconf 86' lang='lat' dir='ltr'>esse</span> <span class='ocrx_word' id='word_1_453' title='bbox 216 4373 229 4406; x_wconf 90' lang='lat' dir='ltr'>n</span> <span class='ocrx_word' id='word_1_454' title='bbox 249 4356 335 4406; x_wconf 85' lang='lat' dir='ltr'>Procli</span> <span class='ocrx_word' id='word_1_455' title='bbox 355 4356 434 4406; x_wconf 86' lang='lat' dir='ltr'>verbo</span> <span class='ocrx_word' id='word_1_456' title='bbox 453 4351 589 4423; x_wconf 76' lang='grc' dir='ltr'><strong><em>πρότερος</em></strong></span> <span class='ocrx_word' id='word_1_457' title='bbox 608 4369 656 4403; x_wconf 93' lang='lat' dir='ltr'>non</span> <span class='ocrx_word' id='word_1_458' title='bbox 676 4353 792 4417; x_wconf 87' lang='lat' dir='ltr'>nequitur</span> <span class='ocrx_word' id='word_1_459' title='bbox 810 4354 867 4413; x_wconf 83' lang='lat' dir='ltr'>(unt</span> <span class='ocrx_word' id='word_1_460' title='bbox 894 4341 997 4403; x_wconf 77' lang='grc' dir='ltr'><strong><em>τούτων</em></strong></span> <span class='ocrx_word' id='word_1_461' title='bbox 1024 4345 1038 4400; x_wconf 87' lang='grc' dir='ltr'>ὁ</span> <span class='ocrx_word' id='word_1_462' title='bbox 1063 4341 1195 4418; x_wconf 74' lang='grc' dir='ltr'><strong><em>πρότερος</em></strong></span> <span class='ocrx_word' id='word_1_463' title='bbox 1220 4339 1328 4413; x_wconf 73' lang='lat' dir='ltr'>tradem</span> <span class='ocrx_word' id='word_1_464' title='bbox 1351 4343 1424 4407; x_wconf 73' lang='grc' dir='ltr'><strong><em>κτλ)-</em></strong></span> 
     </span>
     <span class='ocr_line' id='line_1_46' title="bbox 139 4433 989 4501; baseline -0.008 -11"><span class='ocrx_word' id='word_1_465' title='bbox 139 4441 218 4490; x_wconf 81' lang='lat' dir='ltr'>alitor</span> <span class='ocrx_word' id='word_1_466' title='bbox 237 4439 363 4490; x_wconf 86' lang='lat' dir='ltr'>llohnrtus</span> <span class='ocrx_word' id='word_1_467' title='bbox 383 4438 480 4488; x_wconf 87' lang='lat' dir='ltr'>iudicat</span> <span class='ocrx_word' id='word_1_468' title='bbox 498 4435 583 4487; x_wconf 88' lang='lat' dir='ltr'>Goatt.</span> <span class='ocrx_word' id='word_1_469' title='bbox 603 4436 652 4500; x_wconf 65' lang='lat' dir='ltr'>gel.</span> <span class='ocrx_word' id='word_1_470' title='bbox 673 4435 734 4484; x_wconf 82' lang='lat' dir='ltr'>Aua.</span> <span class='ocrx_word' id='word_1_471' title='bbox 756 4434 813 4496; x_wconf 83' lang='grc'><strong>161,</strong></span> <span class='ocrx_word' id='word_1_472' title='bbox 832 4433 876 4485; x_wconf 89' lang='lat' dir='ltr'>Vll</span> <span class='ocrx_word' id='word_1_473' title='bbox 894 4451 916 4501; x_wconf 86' lang='lat' dir='ltr'>p.</span> <span class='ocrx_word' id='word_1_474' title='bbox 931 4434 989 4484; x_wconf 79' lang='lat'><strong>529.</strong></span> 
     </span>
    </p>

    <p class='ocr_par' dir='ltr' id='par_1_11' title="bbox 240 4514 954 4580">
     <span class='ocr_line' id='line_1_47' title="bbox 240 4514 954 4580; baseline -0.01 -8"><span class='ocrx_word' id='word_1_475' title='bbox 240 4523 272 4580; x_wconf 81' lang='lat'>¹⁷)</span> <span class='ocrx_word' id='word_1_476' title='bbox 293 4522 353 4572; x_wconf 89' lang='lat' dir='ltr'>Ath.</span> <span class='ocrx_word' id='word_1_477' title='bbox 376 4521 442 4571; x_wconf 78' lang='lat' dir='ltr'>atine.</span> <span class='ocrx_word' id='word_1_478' title='bbox 463 4518 524 4570; x_wconf 82' lang='grc' dir='ltr'>ΧΙΧ</span> <span class='ocrx_word' id='word_1_479' title='bbox 546 4518 597 4569; x_wconf 91' lang='lat' dir='ltr'>tah.</span> <span class='ocrx_word' id='word_1_480' title='bbox 612 4516 681 4579; x_wconf 85' lang='lat' dir='ltr'>XIV,</span> <span class='ocrx_word' id='word_1_481' title='bbox 701 4517 753 4567; x_wconf 79' lang='lat' dir='ltr'>att.</span> <span class='ocrx_word' id='word_1_482' title='bbox 773 4531 796 4566; x_wconf 87' lang='grc' dir='ltr'>ι.</span> <span class='ocrx_word' id='word_1_483' title='bbox 815 4516 874 4568; x_wconf 83' lang='lat' dir='ltr'>Ath.</span> <span class='ocrx_word' id='word_1_484' title='bbox 893 4523 911 4565; x_wconf 88' lang='lat' dir='ltr'>t.</span> <span class='ocrx_word' id='word_1_485' title='bbox 925 4514 954 4566; x_wconf 93' lang='lat' dir='ltr'>ll.</span> 
     </span>
    </p>
   </div>
   <div class='ocr_carea' id='block_1_7' title="bbox 0 0 1568 5056">
    <p class='ocr_par' dir='ltr' id='par_1_12' title="bbox 0 0 1568 5056">
     <span class='ocr_line' id='line_1_48' title="bbox 0 0 1568 5056; baseline 0 1"><span class='ocrx_word' id='word_1_486' title='bbox 0 0 1568 5056; x_wconf 95' lang='lat' dir='ltr'> </span> 
     </span>
    </p>
   </div>
  </div>
 </body>
</html>
