3126 5056
674 217 895 282 -30-

144 395 252 457 luisset
272 404 351 477 apta,
374 396 482 456 elucet:
504 395 562 457 iam
586 396 744 458 ridendum
768 404 828 468 est,
851 413 923 457 num
947 395 1149 457 Panathenaea
1172 395 1344 460 Atticorum
1368 402 1430 463 loe-

146 493 225 556 deris
246 493 400 556 sollemnia
422 494 541 556 luerint
587 495 623 557 ad
646 513 754 557 nomen
778 503 877 557 autem
900 495 1116 574 aggrediamur.

246 594 331 655 cuius
356 593 519 675 propinqua
546 594 715 675 principalia
746 595 850 656 Pollux
872 594 1106 675 enumeratffllt
1132 591 1312 657 Πανιώνια
1341 601 1429 659 Παν-

145 686 287 753 cardina
303 690 523 774 Παμβοιιότια
541 689 741 769 Πάνδιαηθ).
772 693 880 773 quibus
899 689 1107 776 Πανελλήνια
1121 713 1303 774 quamquam
1321 695 1428 758 Hadri·

145 793 193 853 ani
215 790 353 871 sunt¹⁸.'),
376 802 525 872 praeterea
540 791 698 854 llinervam
713 791 955 860 Panachaida¹⁹⁰t
971 802 1001 853 et
1012 793 1147 854 Cererem
1163 793 1366 857 Panachaeam
1376 795 1429 873 ¹¹¹)

144 892 288 955 addimus.
332 911 407 972 quas
422 891 575 954 sollemnia
597 892 695 953 cannia
719 901 848 953 totarum
872 891 1024 952 nationum
1041 893 1158 974 propria
1175 903 1255 968 sunt,
1278 913 1350 957 curn
1374 896 1429 958 alia

145 992 266 1054 numina
296 991 360 1054 aliis
383 1001 553 1072 praeessent
574 990 749 1063 foederibus,
783 990 892 1069 quibus
925 990 1078 1052 nationum
1110 991 1292 1071 singularum
1328 1004 1428 1076 partas

144 1090 406 1170 coniungehantnr.
457 1089 728 1151 Panathenaeorum
762 1088 853 1167 igitur
874 1108 992 1165 nomen,
1018 1089 1105 1151 etiam
1130 1091 1155 1152 si
1176 1090 1335 1172 Neptunus
1358 1093 1427 1155 olim

143 1189 274 1265 vicisset,
318 1208 378 1251 non
414 1187 512 1250 minus
543 1197 672 1250 exstaret
704 1206 792 1269 quam
828 1187 1054 1263 Panioniorum,
1088 1189 1114 1250 si
1145 1188 1292 1252 Minervae
1327 1191 1427 1254 cultus

142 1288 234 1351 Jonas
255 1287 466 1350 coniunxisset.
510 1287 567 1349 nisi
595 1305 628 1348 ea
661 1288 805 1348 decanea
828 1297 938 1360 autem,
971 1288 1049 1366 quod
1082 1289 1209 1368 populus
1235 1289 1426 1353 Atheniensis

144 1406 290 1449 nomena
313 1407 365 1449 sua
388 1387 441 1448 alea
464 1385 556 1460 duxit,
579 1385 641 1447 heri
665 1405 723 1447 non
752 1386 858 1466 potuit,
892 1395 926 1447 ut
947 1404 1056 1447 nomen
1080 1387 1314 1462 Athamanum,
1345 1388 1425 1469 quod

143 1485 288 1548 llinerrae
310 1503 401 1556 sacra,
435 1503 495 1546 non
517 1503 597 1546 sacra
621 1485 809 1546 Atheniensia
836 1486 999 1564 significare
1027 1485 1104 1546 ultro
1126 1485 1316 1565 intellegitur,
1351 1488 1424 1548 sim·

141 1585 259 1668 pliciter
280 1585 310 1646 in
326 1583 530 1646 Panathenaea
546 1584 754 1666 amplificatum
770 1603 836 1646 esse
851 1583 1072 1666 putaretnr¹⁸¹).
1112 1578 1423 1667 Ἀθηναία-’Λθή-

143 1704 238 1760 vasa,
261 1692 355 1757 certo3
378 1682 429 1744 sed
453 1682 723 1745 Panathenaeorum
744 1685 969 1766 Παναθηναία
991 1681 1184 1744 desideratur.
1226 1701 1302 1762 quae
1322 1694 1422 1747 auteur

143 1785 238 1845 lorma
254 1784 315 1845 sola
331 1782 452 1863 cogitari
467 1781 570 1864 possit,
581 1777 767 1865 Ἀθηναίαν
783 1777 1032 1864 Παναθηναίδα
1047 1781 1121 1856 dico,
1144 1782 1217 1855 eius,
1240 1801 1308 1843 curn
1325 1801 1424 1865 popu-

142 1881 189 1943 lus
222 1900 331 1943 nomen
354 1901 370 1943 a
392 1882 445 1942 elea
468 1881 602 1955 duxerit,
636 1900 696 1942 non
728 1882 776 1955 ita,
810 1889 844 1942 ut
876 1882 1004 1943 nominis
1026 1876 1171 1962 Ἀθηνᾶς
1199 1881 1424 1960 Παναχαιίδος,

143 1998 219 2061 opus
241 1989 312 2041 erat.
343 1979 495 2041 enomine
509 1979 600 2058 igitur
615 1979 779 2041 Atticorum
796 1979 921 2041 foederis
944 1998 1025 2041 sacra
1048 1980 1265 2061 cognoscimus.
1310 1981 1425 2044 accedit

142 2078 222 2160 quod
244 2078 332 2159 paulo
354 2088 437 2140 antea
461 2078 602 2160 Synoecia
625 2078 769 2140 hlinerrae
792 2077 1077 2140 celebrabantur¹⁹³:
1100 2098 1169 2140 narn
1194 2079 1295 2141 uthis
1317 2079 1425 2143 Thesei

143 2176 281 2240 lecinoris
304 2177 445 2239 memoria
467 2177 627 2250 colebatur,
649 2178 689 2240 ita
711 2177 758 2240 illa
780 2177 907 2239 foederis
922 2176 1016 2258 ipsius
1039 2187 1123 2240 erant
1144 2177 1296 2240 sollemnia
1312 2178 1423 2242 lliner·

144 2296 194 2340 rae
216 2276 327 2339 Poliadi
347 2277 387 2338 ita
410 2275 563 2351 celebrata,
585 2286 619 2338 nt
640 2276 818 2338 Panboeotia
839 2276 983 2338 Minervae
1008 2276 1187 2352 honinem).
1230 2296 1297 2339 cnm
1321 2290 1423 2341 autem

142 2377 243 2439 eadem
267 2383 367 2438 essent
389 2374 533 2436 llinerrae
557 2376 708 2438 sollemnia
731 2375 901 2457 principalia
924 2386 954 2438 et
976 2376 1103 2437 loederis
1125 2376 1287 2449 sollemnia,
1310 2376 1424 2440 lactum

143 2484 198 2550 est,
221 2483 254 2537 ut
276 2474 396 2536 nomine
411 2473 682 2537 Panathenaeorum
708 2475 779 2537 haec
802 2493 861 2535 non
885 2474 977 2553 magis
991 2493 1079 2555 quam
1103 2475 1151 2536 illa
1174 2474 1425 2553 significarentur.

143 2593 176 2636 ea
205 2583 303 2636 antem
321 2573 522 2636 Panathenaea
539 2593 614 2653 quae
628 2574 728 2635 indea
749 2574 865 2635 saeculo
887 2574 992 2652 quinto
1015 2573 1102 2635 etiam
1125 2573 1189 2634 allis
1211 2573 1283 2635 locis
1306 2573 1423 2636 inueni·

143 2692 219 2748 mus,
242 2673 348 2753 partim
360 2671 550 2734 Atheniensis
573 2672 726 2734 imitantur
747 2673 856 2753 partim
880 2672 1011 2734 eiusdem
1034 2682 1157 2734 naturae
1179 2671 1319 2750 suntm).

242 2771 380 2850 qnoniam
403 2790 420 2832 e
439 2769 626 2832 sollemnium
649 2770 769 2832 nomine
793 2771 863 2832 satis
886 2773 979 2850 gravia
1007 2770 1186 2850 collegimus,
1210 2788 1289 2831 nunc
1312 2770 1424 2850 quide

142 2869 252 2931 mensis
275 2869 395 2931 nomine
414 2879 564 2948 sequatur,
587 2869 746 2931 rideamus.
790 2888 824 2931 ac
846 2870 974 2950 primum
997 2869 1116 2949 quidem
1139 2887 1248 2930 nomen
1265 2867 1425 2932 Hecatom-

141 2967 261 3030 haconis
283 2987 299 3030 a
330 2987 435 3048 magno
456 2968 584 3048 quodam
607 2968 749 3030 sacrificio
776 2979 930 3050 sumptum
953 2987 1019 3030 esse
1040 2978 1153 3030 certum
1178 2976 1232 3030 est.
1276 2967 1320 3029 sic
1340 2969 1421 3031 enirn

242 3193 413 3254 19)111168.

242 3276 287 3340 ²⁸⁸)
306 3278 382 3329 etiarn
395 3275 500 3340 Pandls,
519 3292 573 3327 cum
592 3277 751 3340 singulorum
770 3277 892 3327 nobilium
911 3275 979 3328 lovis
997 3275 1081 3327 cultus
1100 3273 1246 3326 loederatos
1258 3277 1425 3342 comprende-

141 3367 209 3425 rcnt,
227 3360 341 3411 eiusdem
361 3366 468 3410 naturae
487 3366 567 3421 arant,
585 3356 617 3409 cl.
636 3358 667 3409 de
687 3358 863 3409 Wilamcwita
882 3356 1015 3425 liptlathcn
1036 3375 1058 3424 p.
1073 3358 1130 3408 133.

240 3441 285 3504 ¹⁸⁹)
303 3441 377 3492 Paua.
396 3439 406 3491 l
428 3442 466 3503 18,
479 3442 503 3492 9.

241 3522 285 3583 ¹⁹⁰)
303 3523 376 3575 Pana.
389 3522 434 3575 Vll
452 3524 493 3588 20,
505 3523 529 3574 2.

239 3604 282 3668 ¹⁰¹)
302 3606 377 3657 Paua.
390 3603 434 3657 Vll
453 3605 493 3667 24,
507 3606 531 3656 3.

240 3687 283 3754 ¹⁰²)
301 3686 334 3738 el.
351 3677 492 3752 Ἀθήναια
511 3687 617 3756 Spartae
636 3687 770 3739 Minervae
788 3687 939 3738 Chalcioeco
957 3685 1088 3737 celebrata
1107 3683 1164 3737 lGA
1184 3684 1225 3735 39.

240 3770 282 3829 ¹⁰⁸)
301 3770 379 3821 Thus.
397 3767 419 3819 ll
439 3770 477 3820 15.

241 3851 284 3912 ¹⁹⁴)
302 3851 385 3900 Strah.
406 3849 441 3901 lX
461 3867 483 3917 p.
498 3851 543 3901 411
560 3851 586 3901 C.

239 3931 283 3994 Ι9)
301 3933 375 3983 velut
392 3948 422 3983 ea
440 3947 504 3998 quae
516 3931 702 3984 Themistocles
716 3931 861 3995 Magnesiae
881 3930 994 3981 instituit
1014 3930 1115 3993 (Athen
1127 3927 1176 3980 Xll
1189 3945 1211 3995 p.
1225 3928 1275 3978 533
1288 3927 1322 3989 el,
1341 3925 1421 3978 lliaca

140 4011 464 4077 emmeramensem
491 4016 549 4075 (νέα
568 4006 763 4077 Παναθήναια)
791 4013 902 4065 saeculis
930 4013 1009 4063 tertio
1037 4019 1064 4063 et
1090 4011 1172 4061 altero
1193 4010 1325 4061 Minervae
1344 4006 1421 4061 tltati

139 4096 278 4160 celebrata,
295 4095 450 4161 Pergamena
477 4095 583 4160 (luscha.
611 4112 635 4146 v.
660 4094 799 4159 Pergamon
822 4091 1302 4162 19,17,31,156,13,253,6,18).
1338 4105 1422 4158 neque

139 4179 269 4243 qnisquam
296 4178 385 4230 valent
411 4178 581 4244 posteriorum
609 4186 748 4243 temporum
767 4175 1090 4239 Panathenaistae(Rhoali
1109 4171 1262 4237 (1161136,
1281 4172 1340 4236 197,
1361 4172 1420 4237 169,

141 4258 202 4320 1613
220 4257 266 4310 'l'ei
285 4259 339 4311 ClG
359 4260 444 4324 307³).
482 4259 698 4326 Megalopolitana
726 4266 810 4310 autern
837 4259 921 4309 trihus
940 4259 1127 4311 Παναθαναία
1154 4255 1219 4305 nihil
1248 4253 1317 4304 alind
1342 4254 1421 4306 docet

138 4346 213 4405 atque
231 4356 283 4403 eos,
302 4343 344 4408 qul
363 4343 535 4394 Athenienses
555 4358 603 4391 non
631 4349 713 4403 erant,
740 4340 814 4392 vocis
840 4341 961 4406 ancipitis
987 4340 1014 4391 ui
1042 4339 1125 4389 altera
1152 4353 1213 4387 usos
1235 4351 1301 4398 asae,
1328 4335 1418 4388 altera

139 4421 356 4473 Athenienses-
376 4426 433 4476 sire
451 4423 528 4475 simul
547 4431 574 4474 ct
591 4425 636 4475 hac
655 4433 682 4476 et
698 4425 752 4476 illa.
