3126 5056
676 279 897 343 -15..

147 466 215 520 ante
231 456 397 519 Aristotelis
413 463 558 537 tempora;
580 455 630 517 sed
654 464 769 536 postea,
797 475 865 518 curn
888 455 928 517 illi
950 456 1060 519 iudices
1082 457 1160 519 baud
1184 457 1347 542 incorrupti
1363 481 1430 525 esse

149 557 330 631 viderentur,
354 555 441 618 ctiam
464 555 521 617 hoc
544 549 562 617 ὁ
585 552 689 638 δήμος
711 549 730 616 ὁ
749 549 941 637 Ἀθηναίων
963 557 1026 637 ipse
1048 556 1171 633 lecit⁹³).

650 731 681 810 β.
716 730 757 792 de
786 730 935 793 hostiis.

249 878 282 932 ut
303 870 408 951 peplus
430 868 535 951 quinto
557 888 676 950 quoque
696 888 784 942 anno,
807 869 847 932 ita
861 868 1021 949 quotannis
1036 869 1149 932 hostiae
1165 869 1195 931 in
1211 889 1319 951 pompa
1335 871 1427 934 duce-

148 970 265 1031 bantur.
311 969 369 1031 duo
398 977 496 1032 autem
525 968 586 1030 sire
613 968 668 1031 tria
696 968 836 1031 sacrificia
859 968 974 1031 diversa
996 968 1143 1032 novimus.
1187 969 1334 1049 equibus
1356 970 1427 1033 illud

149 1068 390 1148 antiquissimum
414 1077 469 1143 est,
491 1087 552 1148 quo
575 1068 664 1130 simul
686 1067 775 1130 bores
797 1077 827 1129 et
849 1087 918 1130 ores
940 1067 1180 1130 immolabantur.
1225 1068 1354 1147 quodie,
1378 1069 1429 1149 qui

148 1169 265 1230 saeculo
295 1178 377 1230 sexto
405 1186 509 1229 versus
542 1172 574 1229 B
597 1168 657 1228 555
670 1187 734 1248 sqq.
769 1167 944 1247 composuit,
968 1166 1131 1229 Menesthei
1160 1168 1343 1248 temporibus
1376 1169 1429 1231 ad-

146 1266 251 1329 scribit
279 1277 309 1328 et
331 1266 367 1329 ab
389 1265 584 1328 Erichthonio
606 1265 777 1328 institutum
800 1285 865 1328 esse
887 1265 1083 1328 Philochorus
1106 1265 1251 1346 tradit⁰⁴),
1285 1286 1352 1329 cum
1376 1267 1427 1342 eis,

148 1366 200 1444 qui
215 1365 361 1428 hlinervae
384 1365 488 1427 bovem
507 1366 670 1427 sacrificare
684 1365 800 1439 vellent,
824 1374 908 1428 autea
924 1365 1032 1426 Terrae
1047 1365 1108 1427 sire
1122 1365 1319 1441 Pandroso⁹⁶t
1343 1386 1427 1428 ovem

146 1465 357 1533 immolandam
380 1484 444 1527 esse
467 1465 552 1527 dicat.
575 1483 642 1526 cum
666 1464 757 1544 igitur
779 1464 925 1526 hliuerrae
947 1483 1124 1545 superorum
1148 1464 1273 1526 hostiam
1304 1466 1427 1528 offerent

145 1564 254 1625 Terrae
277 1564 355 1626 haud
372 1563 454 1626 obliti
470 1572 549 1626 sunt.
579 1582 648 1644 ergo
664 1563 720 1626 hoc
735 1563 912 1625 sacrificium
928 1563 1035 1644 duplex
1050 1563 1290 1643 antiquissimum
1307 1563 1427 1645 esse⁹⁶)‚

144 1662 339 1725 recentiorem
364 1663 455 1725 boum
478 1661 716 1739 hecatomben⁹⁷l
738 1672 866 1743 apparet.
911 1681 968 1742 qua
984 1662 1020 1723 de
1042 1681 1129 1724 causa
1144 1662 1266 1736 colonis,
1290 1671 1324 1725 ut
1339 1663 1428 1726 boves

144 1779 213 1823 cum
230 1762 333 1824 oribus
358 1762 471 1842 magnis
493 1761 705 1824 Panathenaeis
729 1761 888 1835 mitterent,
912 1760 1090 1842 imperatum
1113 1761 1218 1842 est⁹⁸).

245 1861 324 1940 quod
348 1861 436 1923 etiam
460 1861 489 1922 iu
506 1859 703 1923 Parthenonis
725 1859 855 1940 zophoro
878 1859 1101 1940 septentrionali
1115 1860 1334 1940 cognoscimus:
1357 1880 1427 1923 uam

145 1967 273 2039 quatuor
295 1959 394 2035 bores,
417 1959 522 2021 deinde
544 1978 614 2021 ores
635 1968 764 2039 quatuor
786 1958 978 2038 sequentibus
997 1959 1207 2040 scaphephoris
1223 1959 1429 2041 hydriaphoris

145 2058 268 2120 musicis
292 2059 474 2136 (tibicinibus
497 2067 527 2120 et
548 2056 720 2134 citharistis)
743 2076 860 2120 summa
883 2057 1023 2137 gravitate
1047 2058 1255 2134 ducuntur⁹⁹).
1303 2069 1431 2139 quatuor

246 2197 280 2260 ⁰⁸)
298 2197 379 2248 Arist
400 2195 417 2247 Ι.
431 2214 451 2247 ο.
483 2195 569 2246 xutx
582 2197 605 2246 3.
636 2195 730 2246 blaseii
750 2210 829 2260 neque
843 2196 1015 2245 coniecturam
1029 2211 1108 2261 neque
1122 2196 1320 2262 explicationem
1333 2195 1429 2262 probo;

145 2278 205 2342 quid
224 2279 291 2328 enim
309 2277 461 2329 athlothetis
477 2277 597 2328 relictum
616 2284 693 2340 esset,
711 2277 735 2328 si
753 2283 857 2328 senatus
875 2272 907 2326 roi
927 2275 1136 2348 παραδείγματα
1153 2274 1188 2328 τὰ
1201 2278 1239 2335 εἰς
1257 2274 1306 2331 τὸν
1323 2279 1430 2332 πέπλον

145 2358 303 2408 iudicasset?
339 2356 370 2408 ci.
391 2358 422 2409 de
441 2356 618 2409 Wilamowitz
637 2360 682 2408 Ar.
701 2374 724 2407 u.
745 2358 804 2408 Ath.
824 2356 834 2408 l
851 2374 874 2424 p.
888 2358 945 2407 213.

248 2439 281 2502 ⁰⁴)
299 2439 325 2490 in
344 2439 411 2489 libro
430 2440 523 2502 altaro,
541 2439 585 2490 ubi
604 2438 635 2490 de
654 2439 822 2490 sollemnibus
836 2447 861 2489 et
874 2440 904 2489 de
917 2439 1054 2490 sacrificiis
1072 2438 1103 2489 ab
1116 2439 1285 2490 Erichthonio
1299 2441 1427 2494 institutis

145 2521 208 2582 egit.
238 2536 312 2587 quem
330 2521 414 2572 locum
432 2521 601 2588 Harpocratio
620 2521 761 2587 exscripsit
778 2537 798 2572 s.
813 2538 837 2572 v.
855 2521 981 2586 ἔπίβοιον
998 2529 1025 2572 et
1043 2522 1119 2588 paulo
1138 2523 1284 2573 accuratius
1303 2523 1336 2586 is,
1353 2540 1426 2589 quem

143 2601 224 2652 schol.
242 2602 289 2653 Ar.
307 2600 408 2654 Thasm.
428 2604 478 2654 307
501 2603 648 2668 exscripsit.
683 2602 776 2654 Snidas
800 2602 1014 2670 Harpocationem
1038 2604 1179 2669 exscripsit
1202 2620 1224 2655 s.
1243 2621 1266 2655 v.
1290 2603 1425 2669 ἑπίβοιον,

142 2683 269 2735 scholium
286 2701 307 2735 s.
321 2702 345 2736 v.
364 2676 554 2756 κουροτρόφος
570 2681 616 2751 γῆ.

245 2766 278 2830 ⁹⁵)
297 2767 368 2818 autho
392 2768 494 2818 numina
518 2774 574 2818 arta
593 2767 729 2818 coniuncta
747 2767 817 2817 iuter
835 2781 863 2818 sc
881 2767 945 2833 apud
964 2765 1143 2818 Philochorum
1162 2764 1243 2818 inisse
1262 2769 1422 2821 verisimile

142 2853 193 2912 est,
215 2847 247 2901 ci.
270 2848 324 2900 ult
341 2847 363 2900 ll
379 2849 428 2902 481
447 2866 471 2900 v.
491 2849 523 2900 58
540 2865 577 2916 sq.
601 2877 634 2886 —
651 2877 685 2886 -
706 2842 740 2899 τὰ
763 2843 880 2920 {deripio
901 2848 932 2901 lu
952 2842 1101 2918 ἀκροπόλει
1128 2847 1172 2914 ric
1194 2864 1223 2900 τε
1241 2845 1357 2915 libanda
1378 2851 1423 2917 τῆι

144 2924 258 2981 πολιάδι
280 2932 326 2983 recl
347 2928 391 2995 τῇι
412 2922 622 3002 κουρ[οῐρό]φωι
644 2932 690 2983 sul
712 2929 755 2994 τῆι
779 2923 966 2998 Πανδρόσῂοι.
1010 2931 1074 2981 uude
1098 2930 1122 2981 id
1146 2946 1243 2996 quoque
1263 2933 1423 2985 verisimile

144 3019 186 3062 est
211 3010 390 3064 Philochoruan
417 3013 459 3078 ιῆι
481 3008 656 3081 Πανδρόσωι,
678 3029 726 3063 non
752 3012 797 3076 τῑμ
819 3002 969 3081 Πανδώραι
997 3011 1077 3077 (Suid.
1102 3019 1128 3062 et
1151 3011 1228 3080 Harp.
1247 3016 1303 3065 cod.
1321 3015 1421 3079 Augei.)

141 3094 287 3160 scripsisse.
340 3096 406 3147 idam
434 3096 572 3162 Staphylus
600 3094 753 3146 Naum-atita
780 3097 806 3146 iu
834 3095 961 3146 historiae
989 3093 1155 3145 Atheniensis
1183 3093 1251 3144 libro
1279 3096 1360 3161 primo
1389 3113 1421 3146 ex

144 3176 250 3227 Atthide
274 3176 366 3228 retulit
385 3178 471 3244 (llarp.
489 3178 507 3229 l.
525 3180 572 3241 c.);
593 3176 625 3228 ci.
649 3178 766 3241 acolium,
788 3177 852 3244 quod
871 3184 911 3227 est
929 3175 992 3244 apud
1012 3176 1103 3227 Athen.
1122 3174 1170 3228 XV
1184 3176 1261 3226 69dd
1280 3177 1372 3241 (Bergk
1391 3177 1423 3228 lll

142 3258 207 3311 scol.
226 3259 260 3324 6).

241 3341 273 3404 ⁹⁸)
292 3339 325 3392 ci.
343 3340 448 3392 titulum
465 3337 694 3406 Tetrapolitanum,
712 3342 743 3391 da
761 3340 837 3392 Prott
856 3338 928 3391 Fasti
946 3340 1016 3391 sacri
1035 3338 1107 3402 2611,
1126 3356 1148 3406 p.
1161 3339 1204 3402 19,
1225 3355 1249 3391 v.
1262 3341 1295 3391 31
1314 3357 1350 3407 sq.

244 3423 277 3486 ⁹¹)
296 3439 320 3474 v.
341 3429 393 3474 not.
413 3422 469 3473 102.
505 3422 554 3473 duo
582 3423 709 3474 sacriflcia
738 3423 815 3474 ctiam
838 3423 979 3473 minorihus
1002 3420 1196 3485 Panathenaeia,
1223 3421 1313 3487 quibus
1336 3422 1421 3473 coloni
1469 3419 1472 3423 ’

143 3520 192 3554 οοο
212 3504 365 3567 intererant,
383 3502 451 3555 iacta
469 3504 496 3554 in
515 3504 592 3555 titulo
610 3503 692 3555 llttl
707 3502 729 3554 A
747 3502 778 3554 tr.
793 3518 808 3553 a
826 3519 850 3553 v.
864 3504 964 3555 31-31
983 3510 1144 3570 separentur.
1182 3504 1247 3555 idam
1267 3502 1376 3554 sortasse
1395 3504 1421 3554 in

139 3586 217 3637 titulo
237 3585 286 3637 163
306 3601 331 3636 v.
352 3586 384 3636 to
402 3585 567 3651 supplendum
587 3592 638 3636 est:
658 3581 717 3651 (ripe
735 3587 850 3649 θυσίαν)
868 3582 918 3650 τὴν
935 3581 965 3636 ἐν
981 3583 1029 3634 τῶι
1046 3582 1172 3650 dpstctan
1189 3586 1255 3638 vanis
1271 3585 1422 3653 dchpatvnv

142 3666 245 3731 Ussing,
263 3683 288 3718 v.
302 3664 426 3718 lioehlari
442 3667 639 3720 adnotationem.

241 3749 274 3812 ⁹⁸)
293 3748 346 3800 ctA
365 3747 419 3802 131
440 3765 464 3800 ν.
482 3750 593 3812 11-12;
612 3750 644 3800 37
659 3767 683 3802 v.
700 3749 809 3812 11-46,
830 3748 910 3800 schol.
930 3749 973 3799 Ar.
994 3748 1060 3802 Nub.
1080 3750 1138 3801 386.
1157 3765 1171 3801 ο
1189 3750 1267 3801 titulo
1279 3749 1320 3800 31.
1335 3764 1421 3800 omnes

140 3831 244 3897 imperii
271 3831 354 3881 Attici
385 3831 507 3883 civitates
539 3831 617 3883 boves
647 3847 703 3882 cum
734 3829 826 3881 ovibus
855 3829 957 3880 misisse
986 3830 1116 3880 videmus:
1152 3825 1295 3895 indoluere
1313 3821 1421 3893 nthruc

139 3906 227 3982 φόρος
245 3904 367 3980 [ἐτάχθη.
402 3913 469 3964 unde
487 3913 577 3964 mirum
602 3930 650 3964 non
678 3920 727 3975 cst,
753 3913 819 3979 quod
842 3911 895 3962 nisi
917 3911 1015 3974 magnis
1039 3910 1224 3964 Panathenaeis
1249 3913 1347 3965 hostiae
1371 3927 1420 3961 nou

139 3993 315 4045 mittebantur.
351 3992 384 4045 ci.
403 3994 434 4045 de
452 3992 628 4044 Wilamowitz
647 3991 782 4061 liydathcu
802 4010 825 4060 p.
837 3994 880 4058 11,
899 3994 981 4044 llerm.
997 3991 1072 4043 xxn
1090 4010 1113 4060 p.
1127 3993 1184 4043 220.

189 4107 191 4112 ·
241 4076 275 4139 ⁹⁰)
292 4075 428 4127 Michaelis
447 4074 499 4125 tab.
515 4075 554 4139 tt,
574 4075 665 4126 1-27.
689 4084 797 4142 quatuor
816 4089 877 4125 oves
896 4073 976 4125 luisse
994 4089 1008 4122 c
1028 4074 1116 4139 pedum
1135 4089 1238 4124 numero
1258 4080 1353 4123 certum
1371 4080 1420 4124 est.

139 4157 335 4208 Atheniensium
352 4165 438 4208 antam
456 4157 577 4223 ipsorum,
596 4172 645 4207 uon
663 4159 811 4209 colonorum
828 4157 926 4207 hostias
944 4156 985 4205 hic
1004 4156 1117 4222 sculptas
1130 4170 1186 4205 esso
1198 4155 1242 4205 vel
1253 4153 1420 4220 scaphephori

140 4246 168 4290 et
186 4239 352 4306 hydriaphori
370 4240 553 4290 demonstrant.
584 4246 718 4305 praeterea
738 4237 832 4290 artifex
852 4253 931 4304 neque
950 4237 1145 4288 Atheniensium
1158 4236 1255 4287 hostias
1267 4235 1420 4298 sanctiores,

138 4335 203 4387 quaa
226 4337 296 4372 mora
317 4321 403 4388 patrio
425 4320 450 4371 in
476 4336 564 4388 pompa
587 4321 753 4386 ducebantur,
777 4322 896 4371 omittere
923 4333 1013 4384 neque,
1035 4333 1090 4368 cum
1108 4324 1159 4368 tarn
1177 4331 1270 4383 paucas
1288 4316 1386 4366 hostias
1405 4330 1420 4366 a

139 4402 239 4456 colonia
261 4404 353 4456 missas
371 4403 462 4456 maiori
479 4403 644 4457 hecatombae
662 4403 816 4457 Atheniensi
841 4407 988 4470 opponeret,
1016 4399 1117 4467 imperii
1141 4398 1249 4465 gloriam
1272 4397 1337 4450 male
1360 4413 1420 4466 pro·

139 4484 262 4539 numiam
280 4484 378 4540 dahuit.
