3126 5056
705 281 924 345 ..90-

272 461 415 524 accedunt
447 461 588 523 nonnulla
623 459 802 533 testimonia,
835 479 911 539 quae
942 469 1042 521 utrum
1072 459 1107 520 ad
1130 459 1275 540 l‘lyntcria
1299 461 1453 524 referenda

172 560 232 622 sint
265 580 366 633 necne,
400 560 560 621 videndum
593 569 646 620 est.
692 577 725 620 ac
758 558 888 639 primum
922 559 1042 639 quidem
1075 558 1279 633 Philochorus,
1313 578 1383 622 cnm
1415 561 1454 622 do

172 659 433 739 nomopbylacibns
455 668 562 738 ageret,
592 676 656 719 cam
680 677 829 739 pompam,
859 677 916 737 qua
938 658 1084 718 llinerrae
1107 658 1298 719 simulacrum
1321 659 1452 738 ligneum

172 759 207 819 ad
231 776 311 818 mare
334 758 537 830 deduceretur,
562 758 626 818 illos
650 757 803 818 ordinasse
817 757 968 827 dixeram).
998 774 1087 836 quam
1110 774 1248 837 pompam
1272 757 1361 819 simul
1384 777 1453 820 cum

172 857 418 937 oomophylacum
449 875 573 917 munere
602 855 769 917 institutam
791 866 822 917 et
844 865 911 936 post
933 874 1041 936 paucos
1064 855 1204 928 anuos¹⁰t
1226 855 1364 917 abolitam
1388 875 1454 918 esse

172 974 259 1018 nemo
280 956 365 1016 dicet.
396 956 487 1017 immo
509 969 539 1016 et
560 964 645 1016 antea
669 965 698 1017 et
719 965 820 1036 postea
842 955 918 1016 banc
940 972 1078 1034 pompam
1101 953 1248 1015 exstitisse
1270 955 1453 1018 censendum

171 1054 270 1130 estu).
304 1073 430 1133 quacum
456 1053 533 1114 tituli
556 1052 688 1133 ephebici
710 1052 907 1131 coniungendi
931 1050 1208 1126 videntoresse¹²):
1232 1049 1455 1135 σονεξήγαγον

172 1150 209 1214 δὲ
243 1152 299 1213 καὶ
332 1151 389 1232 agir
419 1148 580 1213 Παλλάδα
604 1149 756 1232 Φαληροῖ
789 1146 947 1212 κάκεῖθεν
974 1146 1076 1212 πάλιν
1103 1146 1342 1232 σονεισήγαγον
1369 1151 1455 1233 μετὰ

172 1249 281 1333 φαιὸς
310 1249 393 1331 μετὰ
422 1246 531 1332 πάσης
554 1245 740 1330 εὐκοσμίας.
763 1285 805 1295 -
828 1245 1048 1331 συνεξήγαγον
1070 1246 1107 1310 δὲ
1130 1248 1186 1309 καὶ
1208 1247 1267 1331 τὴν
1293 1247 1454 1312 Παλλάδα

172 1349 253 1430 μετὰ
276 1351 341 1409 τῶν
363 1349 523 1430 γεννηιῶν
545 1343 601 1409 καὶ
623 1343 727 1409 πάλιν
750 1345 988 1428 συνεισήγαγον
1011 1344 1077 1408 καλ.

272 1466 361 1525 qnam
391 1465 530 1526 pompam
560 1455 629 1526 post
651 1443 952 1524 Dittenbergerum¹³)
975 1463 1078 1506 omnes
1101 1445 1256 1526 Plynteriis
1285 1446 1451 1528 adscripse-

172 1545 300 1622 runt¹⁴);
324 1563 392 1605 nam
415 1563 511 1623 nequo
533 1545 587 1604 alia
611 1543 772 1612 sollemnia,
796 1543 904 1622 quibus
927 1543 997 1604 deae
1019 1544 1210 1605 simulacrum
1232 1544 1269 1605 ad
1288 1564 1369 1607 mare
1385 1547 1453 1609 duci

172 1644 309 1725 potuerit,
344 1643 480 1704 novimus
515 1662 609 1722 neque
640 1642 722 1703 facile
752 1642 907 1722 quisquam
936 1662 995 1714 eos,
1030 1643 1134 1722 quiin
1159 1642 1455 1707 tituloalterosuot

171 1742 294 1822 gentiles
316 1741 517 1820 Praxiergidas
539 1760 604 1803 esse
627 1740 755 1820 negabit.
800 1740 904 1802 deinde
927 1741 978 1821 qui
1002 1746 1111 1803 lactum
1135 1741 1182 1811 sit,
1214 1752 1247 1804 ut
1270 1742 1397 1804 blinerra
1421 1743 1452 1805 in

172 1841 281 1921 templo
304 1840 458 1901 convoluta
481 1839 669 1912 Alcibiadem,
699 1857 767 1900 cum
791 1837 820 1900 in
843 1849 961 1919 portum
985 1840 1144 1911 adveniret,
1174 1842 1314 1922 repellere
1337 1842 1454 1903 videre-

172 1941 275 2012 torst),
306 1938 434 2017 intellegi
458 1957 516 1999 oon
540 1948 655 2018 posset3
686 1939 737 1999 sed
761 1937 786 1998 si
809 1937 861 1999 dea
884 1938 914 1998 in
938 1938 1061 2001 Phalero
1083 1949 1154 2013 erat,
1186 1950 1220 2001 ut
1241 1959 1257 2001 a
1279 1940 1364 2002 litore
1386 1941 1453 2022 ipso

172 2037 306 2099 homines
328 2043 466 2117 protanos
489 2036 654 2115 depelleret,
685 2055 788 2097 omnes
814 2056 900 2098 omen
925 2037 1035 2098 malum
1058 2037 1227 2117 intellegere
1249 2037 1451 2118 debebant¹⁸).

172 2135 346 2197 cerimonias
368 2145 477 2207 autern,
500 2154 574 2214 quae
597 2135 627 2195 in
651 2135 775 2196 Phalero
797 2136 1033 2210 absolvebantur,
1057 2145 1090 2197 ut
1111 2155 1127 2197 e
1150 2137 1270 2200 nomine
1286 2137 1452 2218 Plynterio·

173 2253 249 2304 rum,
279 2233 318 2294 ita
342 2233 410 2293 inde
433 2233 647 2312 cognoscimus,
677 2233 755 2313 qnod
780 2235 854 2295 duae
877 2233 989 2314 puellae
1012 2230 1180 2316 λουτρίδες
1209 2236 1270 2298 sire
1293 2231 1450 2316 πλοιαρί-

173 2330 284 2411 (lagu),
307 2330 416 2410 quibus
432 2331 577 2393 Minervae
592 2332 784 2394 simulacrum
799 2351 886 2393 curae
902 2343 973 2406 erat,
997 2341 1027 2394 et
1043 2335 1246 2416 κατανίπτης
1262 2334 1452 2414 magistratus

173 2430 298 2498 sacer¹⁸)
323 2430 485 2492 exstabant.
517 2440 597 2492 certo
619 2431 709 2509 igitur
731 2431 761 2492 in
778 2430 901 2492 Phalera
923 2431 1114 2493 simulacrum
1138 2431 1267 2513 ligneum
1290 2433 1451 2506 lavabatur,

173 2533 233 2593 reri
257 2529 393 2592 similiter
416 2529 505 2590 etiam
527 2529 642 2609 poplus.

274 2629 316 2690 sic
331 2637 430 2690 autem
445 2646 551 2707 pompa
566 2629 747 2688 conformata
765 2627 971 2689 videturesse:
996 2627 1185 2690 simulacrum
1208 2639 1312 2690 ornatu
1328 2639 1451 2692 erutum

174 2739 203 2790 et
225 2728 333 2790 amictu
358 2726 558 2797 convolutum,
580 2727 658 2804 quod
682 2725 884 2805 Praxiergidae
907 2746 996 2788 curru
1020 2727 1080 2788 sivo
1102 2727 1202 2788 lectica
1226 2728 1270 2789 usi
1293 2727 1328 2789 ad
1344 2728 1453 2791 Phale-

174 2845 240 2887 rum
275 2825 429 2898 ducebant,
464 2825 652 2901 magistratus
685 2825 766 2895 certi,
801 2825 942 2886 Demetrii
964 2825 1096 2887 Phalerei
1130 2825 1312 2906 temporibus
1346 2845 1453 2904 nomo·

173 2924 318 3005 phylaccs,
342 2934 372 2985 ct
394 2923 470 2984 cives
494 2923 530 2983 ab
552 2942 618 2985 arce
641 2923 784 3003 perviam
802 2924 977 3004 pompicam,
1001 2925 1105 2985 deinde
1128 2943 1181 3005 per
1196 2935 1311 3005 portam
1328 2925 1456 3001 ironiam,

174 3042 208 3082 ea
232 3022 304 3083 urbe
327 3018 633 3103 prosequebantur¹⁹).
679 3031 779 3102 postea
806 3032 905 3084 autem
928 3041 995 3084 cum
1019 3022 1212 3102 Praxiergidis
1235 3023 1324 3086 etiam
1347 3025 1452 3104 ephebi

274 3288 295 3354 ⁰)
314 3288 339 3338 in
360 3288 474 3340 Atthidis
494 3289 511 3338 l.
523 3285 575 3349 Vll,
603 3287 678 3354 llarp.
697 3282 897 3357 νομοφύλακες,
923 3286 1102 3339 P011.vtttst
1120 3287 1181 3353 (τὴν
1198 3288 1227 3342 δὲ
1243 3287 1363 3355 πομπὴν
1379 3291 1453 3358 πέμ·

173 3384 260 3422 πουοι
277 3370 318 3433 rip
338 3370 423 3434 θιώι),
443 3371 492 3420 lea.
507 3369 578 3420 Cant.
590 3363 790 3436 οομοαύλακες,
809 3369 881 3420 Pbot.
893 3392 927 3412 ==
939 3368 1010 3420 Soid.
1030 3369 1056 3420 ol
1073 3362 1263 3439 νομοφύλακες
1275 3375 1359 3434 erasa·
1372 3398 1405 3408 -
1419 3399 1452 3409 -

173 3454 219 3503 καὶ
236 3451 278 3517 ripa
291 3443 415 3503 Παλλάδι
433 3447 483 3514 τὴν
496 3447 615 3516 πομπὴν
632 3443 776 3516 ἐκόσμουν,
794 3445 839 3502 ὅτε
857 3451 994 3516 κομίζοιτο
1011 3447 1041 3500 τὸ
1059 3447 1160 3510 ξόανον
1171 3451 1218 3504 ἐπὶ
1235 3446 1284 3516 τὴν
1296 3441 1450 3504 doleamne.

174 3533 206 3585 cl.
225 3536 256 3584 da
270 3533 445 3583 Wilamowitz
465 3533 510 3581 Ar.
529 3548 553 3580 u.
571 3532 629 3582 Aah.
649 3529 671 3580 ll
687 3546 711 3595 p.
728 3530 784 3593 192,
798 3530 821 3579 6.

274 3615 306 3680 ¹0)
324 3612 355 3663 cl.
374 3615 405 3663 da
419 3612 594 3663 Wilamowitz
613 3613 630 3662 l.
645 3628 666 3661 c.

276 3695 305 3756 ¹¹)
324 3695 380 3744 illio
397 3694 553 3760 temporibus
572 3695 739 3756 magistratus
757 3691 814 3756 alii,
832 3691 876 3742 aed
896 3693 969 3742 nobis
989 3692 1071 3754 ignoti
1089 3707 1201 3759 pompam
1220 3692 1382 3746 ordinabant.

275 3776 305 3835 ¹²)
324 3774 377 3826 Clh
396 3774 417 3825 ll
430 3776 479 3825 499
499 3792 523 3824 v.
537 3776 561 3839 9,
580 3777 630 3826 did
650 3792 673 3825 v.
689 3777 728 3836 19,
746 3775 793 3826 411
816 3790 840 3824 v.
857 3776 883 3825 ll
904 3780 930 3823 et
949 3775 988 3823 lb.

276 3857 305 3915 ¹⁸)
325 3857 355 3906 da
374 3856 477 3920 ephebis
496 3857 584 3905 atticis
604 3874 626 3920 p.
640 3856 680 3905 63.

275 3937 305 3997 ¹⁴)
325 3936 460 3988 Mommsen
489 3952 510 4002 p.
526 3938 585 4000 491,
614 3934 732 4001 Toepller
759 3952 782 4002 p.
799 3935 858 3996 195,
885 3933 1112 3986 Preller·llobart
1138 3934 1190 4002 lp.
1206 3934 1269 3995 299,
1287 3934 1319 3997 3,
1346 3934 1452 3999 Stcugal

175 4021 235 4070 lldb.
256 4020 349 4086 ptto.

274 4099 305 4161 ¹⁵)
326 4099 392 4151 Xon.
414 4106 440 4149 et
458 4097 524 4148 Plut.
544 4098 561 4147 l.
578 4115 599 4147 c.

275 4183 306 4244 ¹⁶>
326 4181 462 4232 Mommsen
483 4197 504 4244 p.
518 4180 577 4230 494.

275 4264 306 4323 ¹¹)
326 4262 398 4313 Phot.
422 4278 442 4312 s.
463 4278 486 4312 v.
510 4260 682 4326 Aristophane
709 4265 785 4319 tosto,
811 4255 842 4306 el.
864 4257 922 4308 llos.
942 4259 1014 4324 paolo
1045 4258 1198 4311 breviorem.
1234 4259 1367 4326 utrimque
1395 4259 1452 4311 lona

159 4345 347 4410 'diogenianus
367 4345 469 4395 videtur
488 4359 553 4393 csse.

275 4426 305 4488 19)
324 4426 366 4477 Et.
386 4423 419 4474 tt.
437 4448 470 4466 =
490 4425 540 4474 lex.
559 4423 664 4487 Seguar.
678 4423 707 4474 V.
725 4420 835 4486 (Babbar
855 4436 876 4485 p.
890 4420 959 4487 too).

275 4505 305 4558 ¹'l
324 4504 356 4556 cl.
376 4504 511 4556 Panathaa.
530 4512 582 4557 not.
599 4505 654 4568 164,
672 4503 779 4572 ligator.
801 4510 855 4555 aot.
870 4504 910 4555 11.
