3126 5056
772 234 993 296 ...38-

240 422 357 482 bantur.
381 419 485 480 deinde
497 435 604 498 pompa
616 434 668 496 per
678 425 795 496 portam
809 416 963 495 sacramly,
977 433 1028 495 per
1039 415 1181 476 Ceramici
1194 413 1330 497 δρόμον,
1347 437 1402 499 per
1413 422 1523 491 lorum,

241 540 295 600 per
318 519 395 580 riam
418 515 664 579 Panathenaioam
686 514 722 575 ad
745 513 929 575 Eleusiniam
953 513 1009 575 sub
1036 532 1103 575 arce
1129 514 1348 591 ducebatur¹⁰).

342 617 548 678 deductionem
574 617 664 695 igitur
693 615 866 696 simplicem,
890 633 948 694 qua
971 615 1101 695 symbola
1128 633 1210 676 sacra
1232 615 1370 678 Eleusine
1393 618 1525 682 Athenas

242 715 534 796 transportabantur,
568 715 785 793 cognoscimus.
842 732 929 794 parra
965 724 1065 774 autem
1097 732 1207 794 pompa
1241 725 1304 776 erat
1339 719 1526 797 temporibus

240 813 381 894 antiquis,
404 812 513 893 quibus
536 823 653 894 praeter
668 814 833 875 sacerdotes
849 832 938 874 nemo
961 831 1041 873 sacra
1066 813 1236 886 deducebat,
1260 814 1354 875 maior
1376 818 1525 896 posterio-

241 913 333 982 ribus,
367 912 476 991 quibus
498 912 603 992 ephebi
636 931 742 992 agmen
765 912 974 992 sequebantur.
1015 931 1090 991 quae
1112 931 1220 993 pompa
1243 931 1311 974 cum
1335 914 1409 976 item
1436 926 1526 996 atque

242 1030 347 1090 magna
380 1011 442 1083 illa,
476 1030 565 1090 quam
609 1012 654 1072 19.
682 1009 904 1071 Boedromionis
938 1010 985 1071 ‹lie
1018 1009 1181 1084 ducebant,
1215 1021 1373 1091 postquam
1408 1015 1525 1077 Eleusis

241 1110 365 1172 Athenis
392 1119 437 1170 est
463 1109 599 1170 adiuncta
626 1109 760 1169 instituta
787 1108 839 1179 sit,
870 1108 1026 1169 sanctitate
1051 1118 1169 1171 vetusta
1194 1128 1227 1171 ea
1255 1111 1290 1172 dc
1317 1131 1407 1174 causa
1434 1124 1524 1188 caret,

244 1209 322 1288 quod
349 1218 493 1270 nontam
519 1226 536 1268 a
561 1207 702 1286 religione
730 1208 909 1288 praescripta
935 1227 1024 1287 qnam
1050 1207 1119 1269 inde
1145 1217 1208 1270 orta
1235 1219 1294 1284 est,
1325 1213 1404 1293 quod
1432 1214 1525 1275 Athe-

244 1308 354 1370 niensis
381 1307 479 1368 cnltus
509 1306 617 1387 publici
644 1307 729 1368 sedes
755 1305 878 1367 Athenis
908 1324 967 1366 non
995 1315 1066 1367 erat.
1123 1308 1202 1369 unde
1229 1319 1259 1371 et
1284 1329 1366 1373 sacra
1394 1312 1525 1374 Athenas

241 1417 271 1470 et
297 1416 408 1489 mystas
431 1426 499 1468 cum
521 1406 625 1468 laccho
648 1405 786 1468 Eleusina
809 1406 876 1468 duci
899 1406 1100 1468 necessarium
1121 1419 1195 1470 erat.

697 1531 727 1593 2.
765 1526 892 1612 ἅλαζδε
920 1529 1068 1604 ἔλασις.

343 1642 406 1694 tum
432 1631 546 1694 decimo
580 1641 665 1693 sexto
693 1631 916 1694 boedromionis
943 1632 1000 1706 die,
1025 1634 1076 1714 qui
1102 1628 1206 1695 ἅλαδε
1227 1628 1351 1714 μύσται
1374 1634 1522 1709 audiebat,

242 1750 383 1812 magnum
413 1750 519 1812 agmen
548 1731 584 1792 ad
615 1731 766 1793 lavacrum
793 1750 925 1806 sacrum,
967 1752 1026 1812 quo
1055 1741 1167 1814 mystae
1194 1731 1397 1812 expiabantur,
1437 1735 1523 1795 insti-

241 1832 385 1893 tuendum
407 1831 444 1892 ab
461 1830 609 1892 Eleusinio
626 1849 678 1911 per
695 1830 773 1892 viam
791 1831 960 1911 pompicam
976 1831 1006 1892 in
1022 1831 1179 1892 Phalerum
1195 1830 1416 1912 ducebatur¹¹).
1444 1833 1523 1911 quod

244 1940 395 2008 tamquam
420 1948 559 2010 pompam
582 1930 804 1990 conformatum
841 1949 905 1990 esse
935 1949 968 1990 ea
991 1929 1027 1991 de
1049 1949 1137 1991 causa
1160 1929 1221 1992 reri
1243 1929 1338 1991 simile
1362 1939 1416 2002 est,
1445 1931 1523 2010 quod

242 2045 294 2088 rea
320 2036 429 2107 mystas
457 2027 570 2088 videtur
593 2027 759 2105 duxisse¹²)
783 2037 813 2089 et
834 2028 912 2108 quod
939 2047 1043 2107 agmen
1067 2029 1230 2110 epimeletis
1256 2047 1344 2090 curae
1366 2029 1487 2105 erat¹⁸).

720 2150 749 2212 3.
775 2147 1045 2235 Ἄσκληπίεια.

344 2248 449 2310 deindo
479 2249 652 2329 Aesculapio
683 2251 796 2312 decimo
822 2251 948 2331 septimo
975 2251 1198 2316 lloedromionis
1231 2253 1278 2315 die
1309 2273 1417 2334 pompa
1449 2275 1524 2336 quae

242 2348 377 2412 archonti
400 2358 463 2409 erat
485 2366 572 2410 curae
595 2347 811 2426 ducebatur¹⁴).
850 2359 883 2412 ut
904 2361 1004 2412 autern
1027 2351 1072 2413 dei
1094 2351 1208 2426 nori¹⁵l
1231 2352 1329 2415 cultus
1352 2353 1523 2434 dignitatem

245 2453 457 2464 .—-———

343 2487 365 2553 1)
384 2485 492 2536 Pausan.
511 2483 521 2536 l
539 2486 582 2547 31,
600 2485 624 2535 2.

344 2568 377 2633 11)
395 2563 454 2637 ἱερὰ
473 2559 546 2631 πύλη
565 2567 631 2618 Prae
650 2566 723 2618 Sulla
741 2566 811 2631 xlv,
829 2569 859 2618 do
878 2568 955 2619 Altera
974 2569 1033 2620 Atls.
1052 2569 1120 2622 Mitt.
1134 2567 1166 2620 lll
1184 2586 1207 2637 p.
1220 2569 1262 2636 31,
1280 2570 1360 2621 tabo
1379 2578 1406 2622 et
1424 2573 1451 2636 4,
1470 2574 1522 2625 Atl.

243 2666 264 2700 τ.
283 2651 341 2700 Atb.
354 2647 440 2701 tahll
458 2663 534 2715 propa
554 2649 680 2715 Dipylum.
694 2648 752 2720 ἱερὰ
771 2643 839 2708 ὁδός
858 2650 935 2717 llarp.
953 2667 974 2702 s.
988 2669 1012 2703 v.
1028 2653 1058 2701 tle
1073 2653 1114 2703 vla
1133 2653 1246 2718 pompica
1260 2668 1285 2702 v.
1299 2668 1322 2718 p.
1337 2652 1387 2717 26,
1408 2663 1461 2706 not.
1476 2656 1524 2707 tot

244 2738 271 2781 ot
292 2731 338 2783 165
357 2731 563 2793 (Panathenaea).

343 2811 374 2874 ¹¹)
393 2812 514 2879 Polyaou.
533 2810 613 2862 Strat.
626 2810 657 2862 lll
678 2812 717 2878 11,
734 2816 760 2864 11
776 2810 995 2880 Βοηδρομιῶνος
1016 2811 1091 2877 tnnc
1107 2812 1157 2866 snt
1174 2807 1240 2867 δέκα
1258 2843 1291 2852 -
1309 2810 1395 2868 ἅλαδε
1412 2807 1523 2883 μύσται,

244 2892 276 2944 ο1.
296 2893 353 2944 Ηοι.
367 2910 388 2944 ι.
403 2910 437 2956 v.,
454 2891 521 2944 l’lut
542 2891 616 2942 Phoc.
633 2891 665 2943 Vl
684 2901 708 2944 et
727 2892 845 2960 xxvnt,
864 2896 895 2945 alo
913 2896 978 2958 glor.
997 2896 1055 2946 Ath.
1069 2895 1123 2960 Vll,
1141 2897 1220 2948 schol.
1239 2897 1360 2948 Acachia.
1381 2898 1451 2949 ctas.
1468 2900 1523 2963 130,

243 2973 275 3026 cl.
293 2973 427 3042 Plyuteria
455 2981 506 3024 not.
529 2974 569 3024 26.
598 2973 652 3026 ClA
669 2973 703 3026 tv
725 2976 747 3039 1,
764 2975 818 3026 aas
850 2974 904 3026 τῶν
933 2977 1026 3028 πυλῶν
1052 2961 1103 3043 ipit)
1131 2972 1215 3030 ἅλαδε
1237 2972 1468 3047 &lustrationum
1495 2980 1524 3030 ol

242 3049 342 3123 μύσται
368 3054 492 3119 (fortasse
520 3064 593 3123 porta
621 3056 719 3120 Itonia,
746 3056 778 3107 cl.
808 3055 997 3108 Mommsenium
1024 3075 1047 3124 p.
1067 3059 1177 3122 215,1).
1211 3060 1236 3109 1ο
1264 3059 1399 3110 Elooaiuio
1427 3068 1524 3128 mystas

244 3145 412 3202 congregatos
431 3153 487 3189 eoae
506 3139 565 3188 veri
583 3138 669 3189 similo
689 3147 742 3201 est3
770 3139 812 3189 ubi
836 3141 906 3204 rogis
924 3131 1074 3211 πρόσρησις
1091 3139 1158 3192 lacta
1178 3141 1282 3192 ridetur
1300 3156 1358 3192 essa
1376 3141 1524 3204 (Ρο11.11111

245 3219 286 3283 90,
309 3217 341 3270 cl.
354 3219 451 3270 flobert
470 3218 554 3271 Goott
573 3219 624 3284 gel.
643 3220 705 3271 Anz.
727 3221 782 3285 161,
804 3219 856 3284 Vll,
879 3238 902 3288 p.
922 3222 992 3283 538).
1019 3224 1049 3273 do
1069 3225 1109 3274 via
1127 3224 1242 3289 pompina
1261 3241 1286 3274 v.
1299 3224 1316 3274 i.
1329 3240 1353 3290 p.
1365 3223 1407 3289 61,
1426 3223 1525 3276 (locho-

249 3301 338 3368 pboria
359 3307 410 3351 not.
427 3302 465 3352 16.

345 3381 376 3446 11)
395 3382 460 3449 quod
479 3397 493 3433 o
512 3379 690 3450 προρρήσεως
706 3398 810 3434 munere
829 3385 951 3450 sequitur.
989 3384 1183 3453 11)(1111112,
1203 3386 1272 3438 8861
1293 3404 1317 3440 v.
1336 3387 1377 3438 26.

345 3463 377 3529 11)
395 3462 577 3514 Mommsenius
596 3480 620 3530 p.
634 3465 682 3516 211
702 3465 761 3515 huie
780 3465 832 3516 uisi
851 3481 965 3532 pompam
977 3474 1048 3518 recto
1061 3466 1191 3519 attribuit
1212 3485 1268 3520 narn
1281 3470 1431 3521 Aristotelis
1444 3469 1523 3521 verba

238 3540 297 3594 uo.
316 3545 378 3595 πολ.
399 3543 482 3597 [ΝΗ
500 3544 623 3612 πομπῶν
640 3544 663 3597 δ’
675 3543 842 3614 ἐπιμελεῖται
861 3543 887 3611 (ὁ
900 3545 1005 3616 ἅρχων)
1023 3549 1069 3613 τῆς
1081 3566 1109 3602 τε
1119 3551 1166 3600 τῶι
1178 3547 1352 3616 Ἀσκληπιτύι
1363 3551 1525 3618 γιγνομένης

245 3619 310 3677 ὅταν
328 3625 477 3695 οὶκουριύσι
493 3621 598 3694 μύσται
616 3627 662 3678 καὶ
680 3628 725 3693 τῆς
743 3628 799 3682 τιύν
815 3632 969 3682 Διονυσίων
986 3629 1042 3684 τῶν
1059 3624 1187 3698 μεγάλων
1203 3626 1274 3700 μετὰ
1292 3630 1345 3682 τιύν
1354 3630 1525 3698 ἐπιμελητῶν

244 3706 302 3756 huic
321 3706 373 3756 dini
392 3708 499 3758 maximo
518 3709 675 3760 conveniunt
692 3708 737 3773 (el.
752 3709 874 3762 Philostr.
888 3713 935 3761 vit.
948 3712 1068 3777 Apollon.
1081 3711 1162 3780 Tyan.
1176 3712 1210 3764 lV
1227 3713 1265 3777 18,
1283 3709 1315 3763 τὰ
1328 3711 1350 3763 δ’
1361 3703 1524 3784 Ἐπιδαύρια

244 3784 313 3855 μετὰ
329 3782 484 3860 πρόσρησίν
494 3806 522 3841 τε
538 3790 584 3840 καὶ
603 3790 686 3859 ἱερεῖα
706 3788 789 3858 δεῦρο
806 3795 888 3860 μυεῖν
903 3788 1067 3857 Ἀθηναίοις
1083 3788 1202 3864 πάτριον
1219 3792 1265 3846 ἐπὶ
1282 3797 1375 3846 θυσίαι
1394 3793 1525 3864 δευτέραι,

248 3869 288 3920 18.
307 3869 498 3920 Booalromionis
516 3870 558 3921 dia
577 3870 726 3936 celebrata).
754 3873 907 3925 Aristotelis
926 3883 1009 3926 autam
1029 3878 1107 3928 verba
1125 3876 1174 3927 hue
1187 3883 1261 3942 atquo
1275 3893 1322 3926 non
1335 3876 1366 3927 ιδ
1380 3877 1525 3943 Asclepiea,

244 3964 308 4017 quaa
326 3950 350 4000 8.
362 3950 570 4017 Elaphebolionia
589 3953 630 4003 tio
642 3953 813 4016 celebrantur,
827 3953 961 4006 celerantia
976 3972 1042 4017 esse,
1062 3973 1075 4008 a
1089 3958 1175 4008 verbis
1188 3952 1254 4010 ὅταν
1265 3957 1409 4028 ο1ιιοοριύσι
1422 3953 1526 4024 μύσται

245 4031 339 4082 clueat.
368 4047 424 4082 nam
442 4032 509 4099 indo,
532 4034 597 4100 quod
620 4035 684 4100 apud
705 4036 872 4086 Aristotelem
891 4038 1028 4104 Asclepiea
1050 4048 1110 4090 ante
1129 4040 1251 4109 Dionysia
1271 4041 1354 4108 posita
1372 4047 1441 4102 sunt,
1460 4041 1525 4090 ailsil

246 4111 336 4175 colligi
354 4119 448 4178 potest,
466 4115 525 4180 quia
543 4116 612 4181 duas,
632 4131 695 4182 quac
715 4117 927 4185 archontijcurao
945 4121 1006 4184 siut,
1024 4121 1157 4183 coniungit
1175 4137 1289 4188 pompas3
1307 4122 1444 4184 Thargelia
1459 4122 1523 4172 enim

245 4200 272 4243 et
289 4191 422 4244 llisotcrla
434 4194 521 4246 aotam
539 4197 612 4247 morlo
630 4198 763 4250 coniuncta
782 4207 931 4266 sequuntur,
950 4201 1041 4252 deiude
1059 4201 1183 4268 Dionysia
1197 4209 1223 4253 ot
1235 4203 1372 4268 Thargolia
1385 4204 1524 4254 certamina

243 4285 366 4323 connexa.
402 4281 535 4340 praeterea
561 4278 588 4329 iu
614 4278 693 4329 titolo
712 4278 733 4330 ll
752 4281 830 4333 ttrn
854 4281 885 4333 ir.
910 4298 923 4333 e
952 4283 1087 4349 Asclepioa
1115 4288 1175 4334 ante
1193 4283 1300 4350 Thesea,
1329 4299 1351 4348 a,
1376 4286 1399 4349 h,
1422 4287 1437 4336 δ
1464 4293 1524 4337 anta

242 4350 370 4414 oio-51³·
389 4360 463 4406 mlta
482 4357 531 4408 aluo
549 4360 631 4426 igitur
649 4369 731 4413 erant

481 4435 622 4495 ttanowtta
633 4451 798 4496 commentar.
810 4458 913 4508 aarum
924 4443 959 4496 lV
969 4444 1040 4511 ρ.25,
1053 4451 1105 4497 not.
1116 4449 1125 4500 l
1135 4483 1143 4512 ,
1153 4444 1382 4500 Prcller-llobertl
1394 4464 1417 4514 p.
1431 4447 1489 4512 621,
1501 4449 1525 4498 3.
