3126 5056
675 282 897 346 -76-

145 461 294 541 volunt¹')
321 472 351 524 et
383 460 435 538 qui
467 463 578 523 lectum
612 470 667 534 cst,
700 470 734 522 ut
767 459 931 523 hostiarum
966 460 1126 522 multarum
1155 461 1314 524 comitatus
1344 463 1425 527 omni

144 573 286 645 apparatu
319 580 402 623 sacro
434 569 603 622 exstructus
636 560 724 621 deum
754 577 814 621 non
837 559 940 630 adiret,
973 569 1131 640 postquam
1155 560 1185 621 iu
1208 580 1298 623 suum
1322 563 1424 624 lanum

144 662 271 735 advenit,
294 661 346 722 sed
369 660 458 721 simul
481 677 549 721 cum
571 659 621 720 illo
643 656 814 721 adueniret?
842 677 916 720 num
939 659 1046 720 bacchi
1068 659 1260 722 simulacrum
1283 661 1424 740 ligneum,

144 781 212 824 cum
236 760 403 822 Eleutheris
425 759 671 840 proficisceretur,
692 758 857 820 hostiarum
880 777 984 837 agmen
1008 758 1189 820 immensum
1213 778 1315 821 secum
1332 761 1424 822 duxe-

144 857 212 922 rat?
250 858 321 939 quid
355 858 482 938 denique
514 857 545 918 iu
578 856 787 918 comissatione
816 856 865 918 ills
887 856 984 931 tiebat,
1017 875 1093 936 quae
1115 856 1193 918 iuter
1215 857 1424 937 Dionysiorum

143 959 317 1021 cerimonias
339 957 514 1038 principales
536 952 799 1034 enumeraturl¹⁸)
829 975 905 1036 quae
927 956 1026 1017 omnin
1049 975 1084 1017 eo
1105 956 1264 1018 convenire
1285 966 1369 1038 puto,
1393 966 1426 1019 ut

143 1056 350 1120 comissatione
372 1066 476 1118 octavo
489 1054 725 1136 Elaphebolionis
747 1054 795 1115 die
810 1073 930 1135 vespere
952 1055 1087 1116 instituta
1103 1055 1208 1117 Bacchi
1231 1055 1424 1119 simulacrum

143 1177 177 1220 ex
199 1156 353 1219 Academia
387 1156 417 1217 in
448 1155 628 1217 orchestram
661 1154 782 1215 ductum
806 1173 870 1215 esse
892 1172 1082 1222 censeamus;
1116 1173 1184 1216 uam
1207 1155 1425 1218 comissationis

144 1260 221 1319 iaces
243 1266 323 1329 sunt,
346 1254 564 1317 comissationis
586 1253 753 1315 convivium
777 1252 858 1326 illud,
888 1253 968 1332 quod
991 1252 1121 1315 ilerodcs
1143 1254 1258 1316 Atticus
1284 1255 1425 1318 omuibus

143 1356 173 1417 iu
198 1355 349 1418 Ceramico
371 1352 563 1434 praebuit¹⁰):
598 1353 640 1413 sic
663 1352 745 1425 deus,
773 1363 807 1414 ut
828 1352 898 1413 olins
922 1351 1052 1433 primum
1074 1353 1241 1426 advenerat,
1264 1355 1425 1434 quotannis

143 1457 239 1518 denuo
262 1453 444 1516 adveniebat.
488 1452 684 1515 Athenienses
712 1462 811 1513 auum
834 1452 992 1526 bacchum,
1022 1462 1181 1533 postquam
1212 1454 1242 1514 iu
1272 1455 1425 1516 orchestra

142 1554 257 1635 positus
281 1561 335 1624 est,
364 1551 507 1632 postridie
530 1570 617 1613 mane
643 1570 749 1633 pompa
772 1569 877 1630 magna
899 1550 1035 1613 instituta
1058 1552 1233 1614 salutabant.
1279 1571 1350 1632 ergo
1379 1552 1425 1614 dei

143 1652 292 1724 introitus,
315 1651 367 1732 qui
388 1669 441 1731 per
463 1650 702 1712 comissationem
726 1649 822 1722 tiebat,
844 1667 860 1710 a
884 1668 991 1729 pompa
1014 1649 1227 1712 discernendus
1248 1650 1352 1728 est¹⁰).

244 1840 277 1902 ”l
295 1837 363 1889 laces
381 1837 441 1888 aliis
459 1838 486 1888 in
505 1837 619 1888 cultibus
637 1837 714 1888 etiam
733 1837 774 1888 dic
793 1835 972 1903 portabantur,
997 1836 1069 1888 velut
1096 1852 1152 1887 cnm
1178 1853 1253 1890 sacra
1273 1855 1339 1890 nova
1365 1856 1426 1892 con·

143 1922 265 1973 decentor
282 1921 376 1981 (Arist.
391 1919 458 1971 Plut
471 1919 596 1986 titisse.)
612 1926 658 1970 aut
676 1918 796 1983 capiendi
815 1934 902 1981 eausa,
921 1918 992 1969 velut
1010 1920 1036 1969 in
1057 1919 1246 1988 Plynteriornm
1265 1936 1352 1988 pompa
1371 1923 1426 1984 (ubi

143 2005 169 2054 iu
189 2003 273 2053 titulis
292 2003 357 2052 idem
374 1999 444 2069 parci
463 1994 553 2070 φωτός
571 2001 699 2064 occurrit)
716 2007 743 2050 ct
762 2002 787 2051 in
807 1999 1005 2062 Muslubium,
1028 2002 1054 2052 iu
1073 2018 1120 2068 qua
1139 1999 1321 2071 dppsepoivrss
1338 2005 1425 2056 cadem

143 2084 263 2150 expiandi
282 2084 308 2134 vl
326 2092 402 2149 atque
420 2077 559 2148 d'pxrruors
581 2083 636 2149 ipsa
654 2082 765 2148 praediti
785 2082 960 2147 portabantur.
997 2091 1085 2134 contra
1104 2084 1129 2135 in
1149 2082 1229 2135 iacchi
1248 2100 1336 2153 pompa
1355 2083 1425 2138 iaces

143 2167 193 2218 nisi
213 2181 329 2232 vespere,
347 2181 401 2216 cunr
421 2165 561 2232 pannycbis
581 2164 701 2216 lilensine
720 2165 910 2226 institueretur,
939 2172 1056 2230 portatae
1074 2181 1123 2216 non
1141 2167 1264 2217 uidentur
1281 2183 1353 2230 ease;
1379 2167 1424 2219 sed

143 2256 251 2316 quantae
278 2248 417 2312 gravitatis
444 2245 513 2298 laces
541 2247 567 2297 iu
595 2254 650 2298 toto
677 2247 749 2297 cultu
768 2246 900 2297 lllcusiuio
920 2246 1024 2312 inerint,
1051 2263 1138 2298 omnes
1155 2249 1248 2300 sciunt.
1284 2249 1426 2301 deludens

142 2332 198 2382 eina
216 2330 316 2397 quidem
333 2344 444 2397 pompae,
463 2344 527 2396 qnnc
545 2328 577 2379 ad
595 2329 760 2379 Eumenidum
780 2343 879 2379 sucrum
898 2328 1039 2379 ducebatur
1056 2331 1092 2391 (v.
1112 2330 1150 2394 i),
1174 2330 1319 2382 similitudo
1336 2331 1426 2382 adseri

143 2419 241 2480 potest3
270 2426 325 2463 snm
353 2427 409 2461 enus
436 2412 499 2462 baec
517 2426 606 2477 pompa
624 2418 700 2460 noctu
718 2411 864 2472 duceretur,
891 2407 961 2462 laese
980 2412 1141 2462 necessariae
1160 2410 1279 2476 luissent,
1306 2414 1426 2465 etiamsi

143 2510 223 2562 neque
241 2492 382 2545 interorum
400 2493 483 2543 cultui
501 2508 581 2558 neque
599 2493 714 2542 cultibus
733 2492 898 2543 instituendis
913 2493 1007 2552 (Arist
1023 2491 1090 2543 Plut.
1104 2493 1122 2544 1.
1135 2509 1168 2554 c.,
1185 2494 1276 2545 Acscb.
1289 2492 1361 2546 Eum.
1374 2495 1424 2546 983

144 2574 285 2639 liircbhod'3
304 2575 363 2626 vide
381 2574 445 2624 illnd
465 2572 525 2642 peis
541 2572 626 2640 lapda)
645 2589 689 2640 per
707 2589 736 2624 ae
754 2574 944 2624 convenissent
981 2574 1025 2624 sed
1044 2575 1102 2640 quis
1120 2582 1161 2626 eat
1179 2575 1222 2641 qui
1241 2591 1307 2626 noun
1327 2578 1425 2629 Baccho

142 2657 297 2710 Eleutheros
324 2656 443 2722 expiandi
462 2656 514 2707 vien
541 2655 684 2705 attribuat?
712 2662 803 2705 contra
830 2655 901 2706 nulla
929 2655 1078 2706 comissatio
1106 2656 1162 2706 sine
1189 2654 1287 2708 lacibus
1312 2659 1425 2724 cogitari

142 2747 234 2807 potest.
264 2740 305 2789 dic
323 2747 406 2789 nutem
426 2753 480 2788 curn
500 2736 598 2788 lacibus
617 2737 752 2788 comissari
772 2752 850 2804 neque
865 2736 1046 2804 Aristophanis
1066 2752 1146 2803 neque
1160 2738 1249 2789 llurati
1266 2739 1424 2805 temporibus

141 2821 254 2872 decebat.
290 2822 379 2887 (l'csp.
394 2819 468 2881 13³1,
489 2818 554 2869 1373
564 2835 615 2886 sqq.
635 2819 701 2869 diem
720 2834 778 2870 sese
796 2835 810 2870 e
829 2827 883 2870 tota
903 2835 989 2881 scena,
1017 2819 1140 2887 imprimis
1165 2821 1306 2885 epanibus
1324 2837 1424 2888 pessum

141 2903 209 2954 datis
226 2903 319 2953 elucet.
355 2902 400 2954 ssd
418 2908 476 2968 pust
494 2901 566 2952 chori
585 2916 685 2952 carmen
708 2901 835 2967 Μοῦσος.
854 2915 904 2952 noa
923 2909 963 2952 est
981 2902 1076 2964 [istst
1095 2929 1128 2940 -
1146 2908 1195 2954 sat.
1208 2900 1218 2954 l
1230 2902 1255 2968 l,
1267 2902 1391 2969 nt-at.)

242 2984 275 3045 ¹⁸)
295 3001 319 3034 ν.
338 2983 449 3047 Εοοςοοί
467 2983 597 3035 decretum
617 2983 685 3035 ilem.
704 2980 768 3034 xxt
784 2985 822 3036 to.

242 3064 416 3127 ¹·tt’ti10ssr.
436 3065 453 3114 1.
474 3082 496 3115 e.
515 3065 606 3116 Bacchi
633 3065 797 3117 simulacrum
816 3065 841 3116 iu
859 3060 1040 3117 comissatione
1059 3065 1085 3116 iu
1107 3065 1194 3117 urbm
1213 3065 1348 3118 deductam
1367 3081 1424 3119 cass

140 3144 321 3199 Mommsenins
340 3146 472 3214 perspexit
482 3148 518 3212 (p.
529 3147 599 3210 ⁴³8),
617 3147 660 3197 sed
679 3147 870 3197 comissationis
883 3145 989 3197 formam
1003 3162 1051 3198 aon
1065 3154 1137 3198 reete
1149 3147 1254 3199 videtur
1265 3147 1424 3212 restituisse,

141 3245 195 3280 curu
215 3230 338 3279 llerodem
358 3228 471 3278 Atticum
496 3228 664 3278 comissantes
684 3228 752 3294 ipsos
771 3228 884 3291 hospitio
903 3229 1037 3294 excepisse
1056 3235 1135 3295 pntct.
1172 3244 1228 3278 nam
1245 3243 1335 3292 agmen
1353 3236 1425 3280 essct

142 3312 260 3371 deletum,
287 3311 310 3360 si
337 3311 504 3360 comissantes
533 3310 558 3360 iu
586 3309 714 3360 cubilibus
738 3310 834 3360 hedera
853 3309 950 3360 vinctis
968 3310 995 3359 in
1014 3309 1144 3361 Ceramico
1163 3317 1252 3376 potare
1270 3310 1425 3376 coepissent.

141 3392 214 3444 immo
233 3391 414 3443 Philostratunr
442 3397 588 3457 spectantes
615 3391 746 3457 respicere
774 3389 815 3440 vel
842 3391 901 3442 inde
927 3398 1042 3458 apparet,
1070 3390 1134 3456 quod
1159 3391 1293 3455 coniungit
1319 3384 1425 3450 ἇσῐούς

139 3470 242 3543 ὁμοίως
267 3476 313 3525 sal
340 3474 438 3533 ξένους.
475 3488 531 3522 nem
558 3488 613 3522 enm
639 3473 705 3523 socii
732 3480 856 3537 tamquam
885 3472 966 3538 legati
987 3474 1013 3523 in
1033 3487 1119 3538 pompa
1137 3487 1226 3536 magua
1244 3473 1424 3538 precederent,

141 3556 273 3606 comissati
292 3563 364 3605 certo
383 3570 432 3604 aon
446 3562 513 3605 sunt.
544 3555 589 3605 sed
608 3555 723 3620 sophista
742 3555 821 3604 verba
841 3553 889 3604 illa
907 3552 1019 3604 sonasse
1035 3554 1195 3606 antitheseua
1213 3553 1299 3619 gratia
1316 3554 1426 3621 scripsit

139 3638 222 3701 (locus
241 3638 380 3686 eommunis
399 3643 447 3697 est,
467 3653 491 3687 v.
510 3650 550 3686 ex.
569 3652 606 3700 gr.
626 3634 690 3686 Plat.
710 3634 788 3699 Gorg.
808 3651 830 3701 p.
845 3635 939 3698 liba).

239 3718 273 3780 ²⁰)
292 3719 333 3767 dei
353 3718 487 3768 introitum
515 3719 593 3768 etiam
620 3718 645 3768 in
674 3718 761 3768 titulis
789 3717 918 3784 ephebicis
945 3733 960 3768 a
985 3731 1072 3784 ponpa
1090 3717 1207 3783 separari
1226 3732 1301 3784 posse
1319 3717 1424 3769 demna·

141 3800 271 3850 strandum
289 3806 337 3849 est.
374 3797 535 3849 conseramus
553 3799 669 3863 singulos
689 3800 769 3851 locos.
806 3801 869 3850 dil:
897 3795 1082 3867 σονεξὴγσγον
1099 3796 1131 3850 δὲ
1153 3799 1200 3849 ascl
1224 3795 1274 3864 τὴν
1291 3794 1424 3852 Παλλάδα

139 3882 267 3949 Φαληροῖ
281 3874 411 3932 κάκεῖθεν
430 3872 514 3931 πάλιν
531 3877 731 3948 σοιεισὴγογον
746 3878 816 3948 parci
835 3878 927 3950 φωτὸς
952 3875 1020 3950 μετὰ
1045 3870 1138 3945 πάσης
1165 3875 1320 3948 εὐκοσμίας,
1345 3871 1423 3947 εἰσή-

139 3978 230 4029 γαγον
247 3959 278 4013 dd
305 3963 369 4023 [alal
396 3954 443 4011 τὸν
460 3952 596 4012 Διόνυσον
613 3956 669 4013 ἀπὸ
696 3965 741 4026 τῆς
769 3955 887 4034 ἐσχάρας
912 3964 951 4020 εἰς
976 3957 1006 4015 τὸ
1025 3964 1147 4031 θέατρον
1162 3961 1231 4031 μετὰ
1257 3958 1352 4031 parade
1376 3963 1423 4015 arni

139 4044 292 4111 {namurco
309 4046 364 4099 τοῖς
381 4045 539 4100 Διονυσίοις
556 4042 656 4112 ταῦρον
672 4038 752 4102 ἄξιον
767 4046 814 4096 τοῦ
830 4044 901 4098 θεοῦ
919 4039 951 4097 ὃν
968 4046 1014 4095 sel
1032 4041 1138 4096 ἔθυσαν
1155 4044 1186 4098 ἒν
1203 4043 1270 4110 [szia
1287 4043 1365 4116 lapsis
1382 4046 1424 4111 τῆς

141 4126 260 4192 πομπῆς.
296 4141 344 4192 que
367 4125 392 4175 in
412 4125 490 4175 titulo
514 4141 569 4175 cn·
587 4132 695 4191 utraque
713 4128 855 4179 sententiae
873 4143 933 4195 pars
952 4126 1087 4194 particulis
1106 4123 1136 4179 dl
1153 4128 1199 4178 ani
1216 4154 1249 4165 -
1267 4127 1314 4178 ecl
1331 4127 1425 4192 positis

141 4208 226 4257 eadem
245 4205 325 4257 lorma
344 4208 538 4273 circumscripta
556 4207 598 4269 sit,
628 4215 657 4257 ut
680 4209 768 4259 esitus
786 4216 814 4260 et
832 4210 933 4260 reditus
951 4208 1101 4275 Plyntcriis,
1126 4209 1163 4260 ita
1180 4208 1315 4274 Dionysiis
1333 4208 1424 4261 Bacchi

141 4289 263 4340 introitus
290 4296 316 4338 et
343 4305 429 4354 ponpa
458 4290 572 4340 discerni
598 4290 668 4340 iuter
695 4305 723 4340 se
750 4307 800 4340 noo
818 4291 902 4340 solum
920 4297 1034 4357 possunt,
1061 4290 1106 4342 sed
1125 4291 1201 4342 etiam
1220 4291 1322 4342 debent.
1357 4306 1423 4358 quas

141 4367 221 4421 lorma
248 4371 290 4444 “n
309 4371 351 4436 qni
379 4371 483 4421 titulum
500 4371 559 4422 lto.
580 4372 652 4436 legit,
679 4372 704 4422 in
733 4379 817 4423 mente
841 4380 881 4424 cst
899 4371 1037 4424 versanda:
1065 4367 1249 4440 emetireyne
1265 4369 1359 4425 dicul
1374 4371 1425 4437 τὴν

142 4447 273 4502 Παλλάδα
290 4448 358 4519 μετὰ
377 4450 431 4503 τῶν
447 4451 584 4519 γεννητῶν
595 4455 660 4518 soll]
671 4448 754 4507 ndito
764 4442 935 4521 thoriynylos
945 4452 1015 4522 paud
1033 4445 1126 4521 ndens
1141 4450 1297 4522 εὐκοσμίας,
1314 4445 1424 4522 sturbiu-

138 4548 189 4599 γον
207 4529 236 4585 dl
261 4534 308 4584 snt
333 4529 382 4586 τὸν
398 4528 538 4588 Διόνυσον
555 4529 612 4586 ἀπὸ
639 4535 705 4599 [rtis
730 4532 852 4606 ἐσχάρας
877 4531 1011 4594 θύσοντες
1036 4536 1084 4590 reis
1107 4535 1176 4589 dreis
1197 4536 1265 4599 [nell
1281 4529 1421 4604 &musca
