3126 5056
652 273 896 336 —lll-

139 459 225 530 atque
266 450 357 529 magis
399 449 428 510 in
466 451 624 512 certamina
662 450 811 532 gymnica,
854 449 925 529 quin
967 450 1055 512 etiarn
1098 452 1244 531 equestria
1287 462 1415 516 mutatae

134 549 260 626 sunt¹⁰).
1392 532 1399 549 ’

233 657 346 709 ceterae
375 666 499 728 pompae
521 666 624 709 omnes
646 682 688 692 -
711 666 807 727 neque
839 647 934 708 solum
966 667 1026 721 eae,
1059 667 1134 728 quae
1163 649 1280 710 saeculo
1309 651 1414 730 quinto

133 745 252 806 demum
275 746 428 807 institutae
452 758 585 808 sunt-
609 747 718 808 mirum
740 748 770 807 in
795 747 917 808 modum
941 747 1019 808 inter
1040 766 1072 808 se
1095 758 1166 809 sunt
1188 749 1308 809 similes.
1345 768 1414 811 uam

133 855 265 906 veterum
295 855 323 907 et
354 845 582 907 cerimoniarum
613 855 643 907 et
665 846 866 927 symbolorum
889 857 1024 926 expertes
1046 846 1086 908 ita
1110 847 1311 909 conformatae
1334 858 1414 922 suut,

133 944 275 1005 ut·cires
304 945 390 1024 longo
420 946 534 1024 agmine
557 945 745 1026 splendentes
768 946 878 1007 hostias
901 946 1018 1018 multas,
1052 965 1126 1026 quas
1148 948 1306 1027 canephori
1329 966 1415 1028 prae·

132 1043 274 1104 cedebant
305 1054 336 1105 et
363 1044 468 1105 musici
495 1045 703 1124 sequebamur,
736 1044 772 1105 ad
797 1063 913 1106 sacrum
938 1045 1125 1106 deducerent.
1170 1047 1248 1126 quod
1271 1046 1307 1107 ab
1330 1046 1415 1108 initio

132 1141 175 1203 sic
197 1143 287 1203 luisse
310 1162 398 1204 nemo
420 1144 506 1205 dicet.
537 1145 629 1205 immo
651 1144 826 1205 cerimonias
849 1163 946 1206 sacras
969 1163 1022 1225 per
1037 1145 1150 1224 singula
1174 1146 1287 1206 saecula
1311 1146 1414 1207 multi·

132 1240 234 1302 fariam
258 1242 297 1302 ita
320 1242 491 1303 immutatas
513 1251 543 1303 et
564 1243 643 1303 inter
658 1262 689 1303 se
712 1244 889 1323 adaequatus
905 1262 971 1305 esse
986 1244 1166 1305 censendum
1183 1254 1237 1316 est,
1263 1254 1295 1305 ut
1317 1245 1415 1306 cultus

133 1341 224 1418 magis
246 1351 335 1420 atque
358 1341 450 1420 magis
473 1361 489 1403 a
512 1352 608 1403 vetere
630 1342 842 1422 superstitione
862 1343 1035 1415 discederet,
1070 1344 1278 1404 admoveretur
1303 1343 1339 1404 ad
1367 1362 1415 1404 re-

131 1438 270 1517 ligionem
304 1441 494 1502 sinceriorem
529 1441 654 1521 ideoque
685 1441 905 1522 simpliciorem.
949 1451 1100 1522 praeterea
1128 1441 1267 1522 paulatim
1292 1443 1363 1503 baec
1384 1442 1415 1505 in

36 1602 48 1613 ,
135 1537 358 1600 desuetudinem
382 1550 536 1613 renerum,
570 1540 618 1600 illa
650 1559 724 1601 nova
747 1551 862 1621 recepta
885 1551 957 1602 sunt
979 1551 1009 1602 et
1031 1549 1065 1602 ut
1087 1541 1117 1601 iu
1141 1541 1208 1614 vita,
1242 1541 1282 1602 ita
1305 1542 1415 1622 posteri

132 1636 220 1699 etiam
253 1638 284 1699 iu
318 1638 399 1700 cultu
431 1639 564 1700 luxuriae
596 1639 779 1718 aliquantum
815 1639 994 1701 tribuebant.
1038 1639 1123 1701 cuius
1150 1659 1324 1720 progressus
1346 1659 1415 1702 cum

132 1736 307 1817 plerumque
330 1737 387 1798 uisi
411 1737 547 1799 ultimum
571 1737 693 1817 gradum
717 1757 777 1799 non
795 1738 955 1811 rideamus,
978 1747 1076 1798 tamen
1094 1756 1318 1818 nonnumquam
1335 1750 1415 1801 certa

133 1836 252 1915 vestigia
275 1835 498 1915 cognoscimus;
525 1851 593 1898 uam
618 1836 874 1917 llephacstiorum,
897 1856 972 1917 quae
994 1837 1111 1898 saeculo
1133 1837 1239 1916 quinto
1262 1838 1414 1918 splendide

132 1938 290 1996 relcrmata
324 1946 403 2007 sunt,
437 1948 591 2017 praecepta
624 1955 698 1997 noua
734 1945 877 2009 tenemus,
910 1937 1024 1997 Lenaea
1047 1936 1211 2016 antiquitus
1233 1937 1414 2017 simpliciter,

133 2033 184 2094 sed
206 2034 339 2113 religiose
362 2034 506 2097 celebrata
528 2035 559 2096 in
582 2035 729 2097 luxuriam
753 2054 834 2096 versa
857 2054 923 2096 esse
940 2033 1117 2096 Plutarchus
1140 2036 1284 2115 queritur,
1307 2055 1323 2096 e
1344 2036 1415 2098 llio-

133 2131 223 2212 nysiis
255 2133 419 2211 agrestibus
452 2134 569 2195 saeculo
597 2145 702 2214 quarto
725 2134 826 2196 Piraea
850 2133 1001 2215 splendida
1024 2133 1099 2196 lacta
1122 2145 1194 2196 sunt
1216 2153 1415 2215 pompamque

132 2229 241 2293 Deliam
265 2230 362 2293 Nicias
385 2232 434 2294 tali
456 2244 564 2294 ornatu
585 2244 674 2313 atque
697 2235 767 2295 luxu
798 2233 1001 2306 circumdedit,
1033 2240 1067 2294 ut
1098 2252 1211 2306 earum,
1245 2252 1318 2313 quas
1347 2243 1416 2315 post

133 2330 329 2392 Alexandrum
352 2351 436 2411 reges
459 2332 616 2406 duxeruut,
639 2333 723 2412 quasi
745 2332 920 2413 praenuntia
942 2351 1006 2393 esse
1030 2330 1215 2407 videatur²¹h

232 2450 249 2493 e
280 2449 456 2513 pomparum
490 2431 580 2511 igitur
603 2431 826 2494 Atheniensium
861 2431 975 2504 formis,
1010 2431 1088 2511 quod
1112 2430 1189 2512 apud
1214 2431 1321 2492 multas
1344 2431 1415 2493 alias

17 2514 23 2523 ’
134 2539 236 2610 gentes
257 2531 341 2604 valet,
376 2530 487 2593 scilicet
519 2530 617 2593 cultus
649 2531 761 2592 iormas
793 2529 1015 2610 antiquissimas
1048 2548 1165 2610 semper
1186 2538 1315 2591 serratas
1339 2549 1414 2605 esse,

134 2629 256 2692 Athenis
289 2649 349 2692 non
377 2631 471 2692 valere
501 2631 652 2693 discimus.
698 2648 767 2691 nam
792 2639 825 2691 ut
847 2629 877 2690 in
900 2628 1086 2709 philosophia
1108 2637 1138 2689 et
1160 2628 1192 2689 in
1214 2628 1338 2702 artibus,
1372 2629 1415 2691 sic

135 2729 329 2791 Athenienses
362 2730 449 2791 etiam
484 2730 514 2792 iu
548 2730 629 2792 cultu
658 2747 731 2790 nova
761 2747 879 2808 semper
901 2737 1076 2789 creaverunt
1098 2746 1195 2807 neque
1218 2746 1359 2808 umquam
1383 2727 1414 2788 in

135 2827 187 2904 eis,
210 2847 284 2908 quae
305 2847 321 2890 a
344 2829 459 2908 proavis
482 2828 587 2891 tradita
610 2837 703 2900 erant,
726 2827 951 2907 acquieverunt3
975 2827 1025 2887 sed
1042 2845 1109 2888 cum
1127 2825 1302 2887 cerimonias
1317 2844 1415 2888 sacras

136 2926 229 3007 magis
250 2935 338 3008 atque
362 2928 453 3008 magis
475 2936 636 3008 purgarent
658 2937 912 3007 exaequarentque
934 2925 1013 2986 inter
1033 2944 1064 2986 se
1084 2935 1114 2986 et
1137 2924 1275 3005 paulatim
1293 2925 1416 3006 propius

134 3025 171 3088 ad
199 3045 263 3088 eam
287 3027 374 3088 fidem
402 3027 583 3101 accederent,
615 3046 673 3106 qua
694 3045 807 3088 numen
830 3025 984 3096 coleretur,
1016 3023 1062 3086 dei
1086 3023 1177 3087 Stoici
1199 3023 1289 3086 unius
1311 3024 1416 3106 optimi

136 3125 256 3188 maximi
278 3125 448 3206 religionem
472 3135 729 3209 praeparaverunt.

235 3353 268 3417 ²⁰)
287 3353 429 3420 exemplum
447 3354 548 3418 insigne
567 3355 678 3421 equitnm
697 3359 825 3404 certamen
845 3358 894 3414 ast,
912 3349 977 3416 quod
991 3349 1123 3402 Bendideis
1136 3347 1330 3412 instituebatur,
1348 3347 1414 3399 Plat.

135 3449 177 3487 res
195 3434 262 3502 publ.
280 3433 291 3487 1
310 3452 332 3502 p.
346 3435 396 3486 328
405 3452 428 3486 a.
464 3436 523 3487 vida
541 3435 607 3488 illud
625 3425 735 3486 ικαινόν
751 3449 782 3502 γε
800 3429 901 3486 τοῦτο’.

235 3516 488 3582 mmmm
