3126 5056
707 275 927 339 -86-

178 473 243 516 mos
266 451 485 515 vetustissimus
508 451 678 531 Tbargeliis,
708 471 784 531 quae
805 452 881 533 apud
905 471 1009 514 omnes
1031 452 1116 514 lonas
1142 451 1375 524 celebrabantur,
1405 451 1458 513 ad·

177 553 246 615 ditis
283 552 353 613 olim
390 551 584 631 amplificatus
619 561 674 613 est
734 570 842 632 pompa
878 561 993 624 autem,
1031 569 1099 613 cum
1138 552 1217 612 unde
1252 554 1383 632 prolecta
1422 550 1460 610 sit

178 652 353 723 nesciamus,
377 653 412 712 ad
434 651 571 731 Pythium
594 650 836 730 antiquissimum
858 651 889 711 in
911 659 997 711 antro
1019 649 1070 710 illo
1092 651 1180 711 ducta
1201 648 1317 710 ridetur
1339 645 1458 727 esse2').

178 752 264 812 cuius
286 753 409 812 lorrnam
433 760 567 813 accurate
589 750 712 812 delinire
734 767 794 810 non
817 766 994 828 possumus3
1028 747 1078 808 sed
1102 742 1273 829 θαργηλια
1301 758 1332 809 et
1354 746 1460 808 iresio-

178 870 248 913 nam
271 859 386 930 praeter
407 851 484 912 cives
506 850 593 912 etiam
617 849 807 928 magistratus
829 865 963 908 summos
986 856 1104 908 secutos
1126 864 1191 906 esse
1213 845 1281 907 inde
1303 845 1459 918 concludo,

178 951 257 1030 quod
279 967 387 1030 pompa
409 949 543 1010 archonti
565 967 652 1009 curae
674 945 791 1026 erat'⁴).

279 1047 364 1108 cuius
393 1047 508 1125 generis
541 1064 664 1127 pompas
694 1044 897 1125 simpliciores,
931 1043 1040 1123 quibus
1062 1042 1207 1104 ircsionae
1229 1042 1458 1114 deducebantur,

179 1163 232 1226 per
263 1154 354 1206 totam
377 1145 502 1206 Atticam
536 1144 688 1205 institutas
722 1162 788 1204 esse
820 1143 1002 1203 censendum
1035 1151 1089 1202 est.
1135 1141 1324 1221 Pblyensium
1358 1150 1458 1202 autem

179 1262 319 1324 pompam
353 1247 477 1304 sortasse
510 1243 666 1304 restituere
698 1260 867 1323 possumus,
901 1259 969 1302 cum
1004 1249 1034 1302 et
1053 1240 1328 1321 ›Daphnepborium
1360 1240 1459 1320 aliquo

181 1344 268 1404 modo
301 1360 368 1403 cum
393 1341 526 1421 Apolline
548 1341 702 1419 'thargelio
730 1338 969 1414 coniunctuurfl)
995 1347 1025 1400 et
1053 1339 1304 1420 dapbnepboriam
1332 1341 1459 1418 septimo

180 1439 382 1519 'l'bargelionis
411 1439 458 1500 die
488 1439 651 1500 absolutam
681 1438 908 1515 noverimus²‘).
952 1457 1009 1518 qua
1036 1437 1066 1499 in
1089 1457 1195 1518 pompa
1218 1447 1334 1517 praeter
1355 1435 1459 1498 iresio·

180 1557 259 1610 nam,
289 1554 364 1616 quae
386 1556 402 1597 e
424 1537 507 1597 lauro
530 1541 604 1598 lacta
627 1547 700 1609 erat,
732 1536 892 1598 canistrum
918 1555 1035 1597 sacrum
1058 1536 1140 1596 lauro
1162 1544 1336 1596 coronatum
1358 1544 1459 1615 porta-

181 1636 267 1697 batur
289 1645 320 1697 et
340 1635 469 1696 carmina
492 1635 522 1696 in
541 1635 681 1716 Apollinis
705 1636 848 1696 bonorem
870 1633 1105 1712 canebantur¹⁷).
1136 1632 1272 1714 qualibus
1287 1651 1303 1693 e
1318 1632 1460 1719 carmini·

182 1735 246 1808 bns,
269 1733 377 1814 quibus
400 1733 559 1795 decantatis
582 1734 726 1795 iresionae
749 1733 858 1813 ubique
880 1733 1109 1803 deducebantur,
1132 1731 1352 1811 ’lbargeliorum
1376 1730 1460 1792 ebori

182 1833 291 1914 publici
313 1833 456 1913 originem
480 1833 616 1895 videntur
638 1834 766 1896 duxisse.

718 2042 922 2086 OXGUPSUS.

284 2161 437 2241 Porphyrii
460 2160 556 2234 verba,
590 2181 664 2241 quae
686 2174 755 2225 sunt
784 2163 819 2224 de
841 2162 947 2224 abstin.
971 2163 997 2223 ll
1017 2165 1046 2236 t,
1079 2162 1115 2224 ad
1138 2161 1289 2242 Tbargelia
1311 2160 1460 2242 pertinere

183 2269 213 2320 et
234 2259 376 2321 iresionas
397 2258 538 2339 publicas,
568 2279 643 2339 quas
665 2260 826 2340 Thargeliis
847 2271 878 2322 et
901 2261 1071 2342 Pyanopsiis
1093 2261 1286 2334 ducebantur,
1312 2278 1373 2322 non
1397 2260 1459 2322 Soli

182 2369 212 2421 et
245 2357 345 2431 lieris,
380 2358 432 2418 sed
461 2357 586 2438 Apollini
619 2359 729 2421 oblatas
762 2378 827 2420 esse
860 2359 1122 2421 demonstrandum
1157 2369 1211 2420 est
1254 2368 1326 2420 sunt
1358 2367 1457 2421 autem

182 2456 336 2538 Porphyrii
358 2455 445 2517 rerba
475 2456 561 2518 baec:
596 2453 646 2528 ολς
674 2465 851 2538 perpropere
875 2454 982 2519 ἔοικεν
1004 2455 1061 2518 καὶ
1083 2479 1102 2538 η
1120 2452 1305 2539 Ἀθήνησιν
1326 2454 1376 2518 ἔτι
1402 2457 1459 2519 καὶ

183 2556 241 2618 νῦν
264 2552 412 2636 ὁρωμένη
436 2552 555 2636 πομπὴ
575 2551 691 2616 ‘Hlloo
712 2577 747 2615 τε
769 2555 824 2616 καὶ
843 2546 962 2638 Ὡρῶν·
996 2551 1165 2636 πομπεύει
1197 2553 1260 2637 γὰρ
1290 2551 1360 2628 ttae
1390 2551 1460 2618 ποά

183 2649 343 2732 ἄγρωσιις
374 2654 543 2733 πυρηνλων
564 2648 723 2734 ἡγητηρλα
753 2650 880 2733 ὄσπρια
907 2652 985 2735 δρῦς
1007 2650 1192 2736 μιμαίκυλα
1214 2654 1334 2736 κριθαὶ
1358 2653 1459 2736 πυρολ

183 2749 324 2831 παλάθη
348 2746 506 2832 ἡγητηρλα
529 2743 676 2832 ἀλεύρων
698 2753 845 2829 πυρίνων
865 2750 921 2812 καὶ
944 2754 1108 2834 κριθίνων
1123 2755 1230 2834 φθοῖς
1252 2747 1460 2834 ὄρθοστοίιης

183 2845 353 2928 posonen).
399 2849 585 2910 sollemnium
610 2849 731 2910 nomine
754 2849 865 2911 omisso
888 2850 949 2911 Soli
971 2860 1001 2912 et
1025 2850 1111 2912 Horis
1134 2852 1209 2912 banc
1230 2868 1369 2932 pompam
1393 2849 1462 2912 duci

183 2945 363 3025 Porphyrius
386 2946 465 3006 dicit.
509 2948 560 3027 qui
590 2967 658 3009 cum
681 2947 918 3028 'l'beopbrastum
948 2967 981 3010 se
1003 2950 1168 3011 exscribere
1189 2950 1252 3030 ipse
1274 2949 1459 3020 confiteatur,

183 3043 346 3105 accuratius
369 3045 580 3107 examinandus
603 3056 657 3116 est,
680 3066 768 3126 qnam
792 3047 846 3108 viri
868 3047 946 3109 docti
967 3057 1036 3128 post
1052 3047 1289 3109 blannbardtium
1312 3048 1463 3122 lecerunt;

184 3160 252 3203 nam
270 3142 415 3203 diltlcilior
430 3162 518 3216 nunc,
541 3163 609 3205 cum
626 3145 703 3205 tituli
718 3144 770 3223 qui
786 3145 864 3207 Solis
879 3145 992 3208 cultum
1017 3154 1164 3208 testantur
1178 3155 1304 3220 exstent,
1326 3146 1461 3226 quaestio

285 3376 316 3439 ²³)
335 3392 446 3443 pompam
464 3379 591 3444 antiquam
609 3377 729 3445 Pythium
749 3381 949 3432 vetustissimum
968 3379 1115 3447 lllocrplcld
1135 3381 1151 3431 l.
1164 3382 1198 3442 e.)
1216 3380 1310 3432 adiisse
1330 3379 1399 3430 ultro
1417 3395 1462 3448 ap·

183 3466 264 3525 paret.
299 3460 401 3508 accedit
426 3460 489 3524 quod
518 3461 541 3509 in
562 3460 695 3512 Pisistrati
715 3460 806 3527 Pythio
824 3463 943 3528 templum
962 3461 1042 3513 luisse
1068 3478 1117 3511 noo
1136 3463 1246 3512 videtur.
1283 3462 1328 3512 scd
1347 3462 1373 3512 iu
1391 3463 1462 3513 autri

185 3541 255 3590 susis
274 3556 336 3607 puer
354 3540 491 3591 iresionam
509 3544 637 3592 commode
654 3542 761 3605 ailigere
779 3550 880 3609 poterat
893 3543 1020 3606 lllnstatln
1037 3560 1059 3610 p.
1072 3544 1172 3607 tasas
1191 3543 1358 3595 cl’ausrniao
1375 3542 1461 3595 testeo

185 3621 281 3686 Attico,
301 3622 329 3670 de
349 3620 547 3687 l'yaoopsiorum
566 3624 696 3687 ironicus).

286 3702 317 3761 ²⁴)
336 3702 416 3750 Arist.
433 3698 490 3751 ‘An
510 3704 573 3754 πολ.
591 3703 646 3755 LVl
659 3706 736 3769 4-5,
753 3704 785 3756 cl.
806 3705 896 3757 Pollux
912 3706 967 3757 Vlll
981 3707 1025 3769 aa;
1053 3714 1188 3773 praeterea
1207 3706 1335 3757 Demostb.
1354 3703 1417 3756 XXl
1433 3707 1463 3756 lt)

187 3783 309 3845 (Euagori
328 3782 475 3846 decretum).

189 3944 240 3995 ω
256 3861 461 3994 Μ’ἓθέλιοονλω,
477 3865 540 3931 περὶ
552 3867 639 3932 μέθης
656 3869 720 3932 apud
734 3869 825 3919 Athen.
839 3868 865 3919 X
878 3886 900 3936 p.
911 3870 960 3920 424
971 3868 987 3919 l.
1003 3870 1132 3936 Apollinis
1146 3868 1322 3936 llapbnephort
1341 3867 1464 3918 „mm

287 4025 318 4090 λθ)
338 4024 421 4076 Proel.
441 4027 471 4075 ad
486 4025 589 4076 lleeiodi
609 4043 648 4093 op.
667 4036 694 4079 et
711 4031 735 4079 d.
749 4046 772 4079 v.
784 4032 842 4081 tot.
862 4031 988 4082 iresionas
1007 4048 1056 4082 noo
1075 4032 1157 4082 solun
1176 4028 1464 4094 apollinarianae

187 4126 199 4156 a
220 4107 291 4156 lauro
310 4115 422 4172 sumptas
442 4123 498 4157 esso
521 4122 553 4157 ex
572 4125 602 4158 eo
621 4111 779 4161 onomastico
798 4120 897 4175 vetere,
925 4128 973 4178 qno
1001 4114 1104 4163 lexicon
1123 4114 1229 4178 Sagnar.
1243 4113 1273 4164 V.
1293 4126 1369 4177 saepe
1392 4125 1465 4162 usust

188 4195 235 4247 est,
258 4188 373 4238 videmus
392 4187 500 4250 (bekker
520 4206 541 4255 p.
555 4190 610 4249 att:
637 4189 779 4257 εἰρεσιώνη
802 4193 848 4243 καλ
871 4189 961 4245 πόθεν
979 4189 994 4257 ἡ
1013 4194 1066 4244 ruit·
1085 4197 1252 4260 Πυανοψλων
1269 4184 1362 4262 {opust
1380 4219 1414 4230 -
1432 4219 1466 4229 -

186 4265 285 4324 κλάδος
302 4267 392 4324 ἐλαίας
410 4271 455 4319 καλ
473 4261 578 4338 δάφνης
596 4268 651 4340 πρὸ
671 4272 724 4324 τῶν
742 4272 836 4324 οἰκιῶν
854 4275 998 4342 τιθέμενος
1019 4266 1120 4344 πλήρης
1147 4273 1258 4328 notter
1274 4272 1382 4345 spatae
1399 4269 1467 4326 rin·

188 4347 350 4417 δεδεμένων,

290 4431 323 4496 ²⁷)
341 4431 424 4482 Proel.
444 4433 462 4484 l.
475 4450 496 4483 e.

287 4512 320 4577 ¹⁸)
337 4507 468 4565 estuante
486 4512 583 4579 Nauck,
608 4514 656 4566 tul
673 4518 814 4584 πυρηνλων
832 4514 946 4587 ἡμηρλας
970 4518 1036 4571 idon
1058 4518 1144 4571 literis
1162 4518 1264 4570 tradltla
1283 4531 1333 4571 ιοι
1351 4516 1465 4569 natatis.
