3126 5056
710 258 929 323 -32-

181 438 288 500 aestiva
311 438 368 498 hoc
395 445 528 516 tempore
558 435 734 497 metebatur.
779 437 830 498 sed
862 436 979 498 illorum
1014 437 1136 516 gratiam
1169 457 1202 499 re
1235 459 1303 501 vera
1337 440 1468 501 iresiona

181 535 393 599 Panathenaica
423 534 511 596 missa
545 534 665 596 relatam
697 553 762 597 esse
785 554 801 597 e
823 534 961 597 carminis
984 535 1088 616 primis
1121 537 1219 599 verbis
1248 539 1360 600 elucet:
1395 559 1467 601 cum

181 636 261 698 enim
277 633 448 715 Pyanopsiis
466 635 506 705 (et
521 632 695 712 Thargeliis)
711 652 829 695 carmen
846 635 888 695 sie
902 633 1058 714 inciperet:
1080 633 1251 719 εἰρεσιώνη
1268 639 1353 699 σῦκα
1370 639 1469 719 φέρει

182 733 237 797 καὶ
255 736 376 805 πίονας
387 730 514 813 ἄρτους,
529 750 572 805 ea,
588 751 662 811 quae
678 733 835 794 ecarmine
845 733 1059 795 Panathenaico
1071 744 1184 797 servata
1197 746 1276 809 sunt,
1293 736 1366 797 baec
1379 746 1467 797 sunt:

182 829 353 915 εἰρεσιώνη
370 832 453 894 σῦκα
468 833 561 914 φέρει
578 829 633 892 καὶ
648 828 738 915 μῆλα
753 831 808 893 καὶ
824 830 913 914 ἑξῇς“;
936 833 1011 894 mala
1033 833 1063 893 in
1079 837 1222 896 frumenti
1245 836 1344 897 locum
1368 836 1468 916 posita

182 930 323 1012 summ).
368 949 480 992 morem
505 929 595 1008 igitur
616 930 760 992 rusticum
784 930 1008 1011 'Phargeliorum
1032 941 1062 993 et
1077 932 1310 1013 Pyanopsiorum
1335 934 1468 995 iresiona

183 1031 277 1093 multo
300 1029 509 1111 simpliciorem
543 1063 585 1072 —
618 1048 686 1090 nam
710 1029 830 1108 exiguae
852 1049 1009 1110 pomorum
1037 1032 1142 1093 messis
1165 1033 1256 1111 gratia
1280 1035 1470 1094 referebatur

182 1164 224 1175 -
246 1131 461 1209 cognoscimus.
506 1147 594 1207 quam
619 1129 776 1190 hesionam
811 1129 848 1190 ab
870 1129 955 1191 initio
988 1130 1134 1192 llinerrae
1166 1130 1293 1192 oblatam
1328 1151 1395 1193 esse
1416 1132 1468 1192 vix

182 1228 262 1291 credi
296 1237 403 1309 potest,
437 1226 610 1309 praesertim
644 1246 712 1289 cum
741 1229 895 1308 utriusque
929 1228 1034 1289 messis
1068 1248 1189 1308 magnae
1223 1231 1314 1309 gratia
1337 1230 1469 1310 Apollini

183 1329 338 1390 ollerretur
371 1345 547 1407 semperque
580 1326 674 1388 maior
706 1337 785 1389 esset
806 1327 944 1400 Minerva,
977 1346 1065 1407 quam
1099 1328 1146 1389 cui
1169 1328 1318 1390 Pomonae
1354 1348 1469 1391 munus

184 1426 356 1488 suffecisset.
401 1444 471 1505 ergo
500 1426 576 1487 hanc
598 1425 756 1488 iresionam
781 1425 963 1506 temporibus
995 1426 1209 1506 antiquissimis
1232 1427 1340 1489 Terrae
1374 1429 1470 1490 luisse

182 1533 265 1606 puto.
309 1533 410 1605 postea
433 1533 542 1598 autem,
577 1544 644 1586 cum
668 1525 795 1586 llinerva
818 1524 927 1597 abeis,
961 1526 1011 1605 qui
1034 1525 1145 1586 circum
1168 1525 1244 1587 areis
1266 1545 1357 1606 rupes
1380 1527 1466 1587 habi-

184 1624 294 1698 tabant,
327 1624 405 1684 culta
438 1623 568 1704 primum
591 1623 739 1685 obtineret
760 1623 867 1697 locum,
901 1642 969 1685 cum
1004 1624 1093 1686 boves
1123 1622 1242 1704 (quibus
1275 1636 1362 1687 antea
1385 1635 1469 1687 tam-

183 1743 272 1804 quam
294 1722 459 1785 aratoribus
482 1725 683 1806 pepercerant)
717 1722 872 1797 Minervae,
904 1743 972 1786 oves
995 1724 1102 1786 Terrae
1135 1724 1382 1799 sacrificarentur,
1416 1725 1467 1786 illa

185 1825 273 1886 etiam
297 1822 453 1884 iresionam
477 1823 617 1904 arripuit3
645 1822 724 1903 quod
744 1841 777 1883 ea
807 1823 843 1884 de
872 1841 959 1885 causa
988 1824 1052 1885 lieri
1081 1824 1187 1904 potuit,
1209 1825 1288 1902 quod
1318 1824 1470 1886 Minervae

183 1921 317 1984 natalicia
327 1921 378 1998 ¹⁰⁴)
413 1941 530 2003 semper
562 1943 598 1984 eo
635 1933 768 2003 tempore
802 1922 944 1985 celebrata
983 1933 1070 1998 sunt,
1103 1942 1162 2003 quo
1191 1924 1335 2002 agricolae
1369 1933 1469 1984 terrae

184 2039 341 2102 pomorum
375 2020 496 2100 gratiam
529 2020 709 2093 referebant3
742 2029 805 2082 tum
836 2020 873 2082 ab
896 2021 969 2082 oliva
993 2040 1090 2095 sacra,
1124 2039 1198 2100 quae
1220 2019 1370 2081 Minervae
1392 2030 1468 2092 erat,

183 2120 308 2181 verbena
343 2119 515 2181 sumebatur
547 2128 635 2200 atque
669 2119 803 2193 tandem,
841 2128 997 2201 postquam
1033 2119 1228 2201 thallopboria
1250 2119 1387 2181 instituta
1411 2130 1468 2192 est,

184 2219 317 2282 termites
339 2219 498 2281 iresionam
522 2229 651 2281 veterem
674 2238 797 2300 prorsus
820 2220 1063 2283 obscuraverunt.
1086 2254 1128 2264 —

286 2317 337 2380 sed
373 2317 518 2380 iresionae
551 2337 636 2380 causa
660 2318 747 2380 citius
770 2319 917 2399 progressi
939 2337 1059 2392 sumus;
1086 2319 1143 2380 iam
1167 2336 1242 2397 quae
1264 2318 1469 2380 concludenda

184 2426 264 2491 sunt,
298 2435 332 2478 ea
365 2416 540 2478 concludere
573 2424 691 2497 tempus
725 2424 779 2479 est.
824 2426 895 2479 sunt
916 2424 1014 2479 autem
1039 2417 1125 2479 baec:
1159 2417 1305 2479 Minervae
1328 2417 1467 2479 natalicia

183 2515 220 2590 ei,
257 2515 309 2595 qui
336 2515 448 2577 circum
476 2534 572 2577 arcem
596 2534 680 2594 agros
703 2515 838 2578 colebant
859 2525 889 2577 et
910 2515 999 2577 boves
1021 2525 1154 2578 armenta
1177 2535 1268 2595 equos
1292 2514 1469 2591 educebant,

184 2615 447 2677 Hecatombaeonis
462 2615 508 2676 die
523 2614 670 2677 llinerrae
686 2635 768 2678 sacro
783 2614 978 2678 celebrabant.
1016 2615 1125 2695 quibus
1141 2613 1334 2676 sollemnibus
1351 2615 1467 2677 nobiles

184 2713 348 2793 antiquitus
376 2713 520 2794 apobaten
549 2724 698 2776 certamen
727 2714 891 2776 instituisso
913 2723 943 2777 et
965 2732 1070 2776 currus
1093 2715 1123 2776 iu
1145 2732 1261 2795 pompa,
1296 2733 1353 2793 qua
1377 2714 1469 2775 bores

185 2831 254 2874 cum
278 2812 381 2874 oribus
404 2812 573 2886 offerebant,
598 2813 667 2875 deae
689 2813 864 2894 produxisse
886 2814 1067 2876 censendum
1090 2822 1145 2875 est.
1187 2824 1338 2894 praeterea
1360 2815 1470 2895 quinto

185 2930 303 2991 quoque
325 2929 402 2972 auno
425 2911 538 2991 peplum
561 2931 621 2992 quo
644 2912 834 2973 simulacrum
858 2912 988 2991 ligneum
1011 2911 1182 2986 induebant,
1206 2913 1235 2974 in
1259 2914 1357 2994 primo
1377 2933 1469 2976 curru

187 3010 218 3072 in
253 3009 357 3072 vexillo
391 3029 554 3090 suspensus
586 3011 755 3073 vehebatur.
801 3010 872 3072 haec
904 3019 988 3072 erant
1021 3011 1168 3073 Athenaea
1201 3021 1307 3074 vetera.
1352 3012 1469 3086 deinde,

186 3127 253 3172 cnm
279 3118 339 3170 tota
362 3109 457 3170 Attica
477 3108 600 3170 Athenis
622 3109 795 3184 adiceretur,
818 3127 922 3171 omnes
944 3108 1090 3172 Minervae
1113 3111 1194 3173 cultu
1217 3112 1370 3173 communi
1394 3131 1467 3173 con-

187 3207 400 3288 iungebantur:
424 3209 481 3268 iam
497 3206 700 3270 Panathenaea
714 3208 842 3271 foederis
864 3208 1014 3270 sollemnia
1037 3209 1113 3271 lacta
1135 3219 1215 3272 suut.
1253 3211 1371 3272 tandem
1389 3230 1469 3272 anno

185 3307 269 3380 566„
303 3324 371 3368 cum
406 3316 508 3386 gentes
541 3306 654 3368 nobiles
688 3307 827 3369 ultimum
862 3307 992 3369 valerent
1017 3316 1105 3388 atque
1128 3308 1327 3388 splenderent,
1363 3328 1470 3389 magna

185 3405 389 3467 Panathenaea
413 3404 548 3466 instituta
571 3415 652 3466 sunt.
685 3424 761 3484 quae
783 3405 900 3467 saeculo
921 3397 1025 3485 quinto
1041 3406 1158 3487 imperii
1173 3406 1262 3468 Attici
1277 3406 1399 3486 gloriam
1416 3427 1470 3488 per

185 3503 422 3585 quinquennium
456 3522 516 3566 non
552 3505 651 3566 minus
685 3523 772 3583 quam
796 3504 933 3586 Dionysia
956 3524 1054 3567 annua
1076 3525 1147 3587 prae
1169 3526 1201 3568 se
1225 3505 1356 3568 terebant
1380 3516 1469 3586 atque

185 3613 287 3684 postea
311 3620 484 3682 magnorum
509 3611 676 3685 temporum
701 3605 876 3666 memoriam
900 3615 1099 3667 serraverunt
1137 3605 1238 3688 populi
1260 3613 1360 3667 autem
1377 3606 1470 3667 Athe-

287 3886 331 3948 Μ)
350 3899 406 3934 nu·
426 3882 562 3949 llipparchi
582 3884 949 3952 verbsupudStrsh.12.3‚
969 3886 1033 3937 Gld
1058 3887 1089 3936 cd
1108 3885 1246 3937 ircsiouom
1260 3884 1469 3938 Panathenaicarn

187 3968 319 4023 reserenda
338 3967 398 4028 sint,
417 3981 506 4032 parum
524 3973 633 4017 coucam.
670 3969 712 4017 scd
732 3984 761 4019 ss
780 3970 811 4018 de
824 3983 900 4018 causa
913 3968 1056 4019 verisimile
1069 3983 1118 4018 non
1132 3975 1180 4031 est,
1192 3969 1256 4034 quod
1269 3966 1470 4034 Pyunopsiorum

187 4063 214 4105 ct
232 4049 428 4113 ‘l'bsrgcliorum
448 4047 574 4097 iresionaa
593 4049 673 4112 magis
692 4056 767 4100 notae
785 4057 865 4100 erunt
902 4051 965 4101 baec
983 4058 1067 4101 autem
1085 4049 1163 4100 verbu
1182 4057 1251 4100 suut:
1271 4045 1307 4104 ὡς
1324 4043 1363 4101 ἂν
1380 4051 1407 4101 εἴ
1422 4067 1471 4116 τις,

188 4136 275 4203 φησὶν
293 4129 307 4182 ὁ
322 4126 486 4201 Ἵππαρχος,
508 4124 626 4195 Ἀττικῆς
642 4123 798 4200 εἰρεσιώνης
814 4134 978 4202 κατηγοροίη
996 4134 1042 4183 καὶ
1059 4126 1078 4182 οἳ
1096 4128 1136 4198 μὴ
1155 4126 1268 4182 δύναται
1285 4133 1380 4202 φέρειν
1396 4131 1470 4199 μῆλα

185 4219 232 4267 καὶ
250 4212 343 4282 ὅγχος,
362 4207 445 4269 οὕτως
463 4212 564 4264 ἐκείνου
581 4211 642 4276 (τοῦ
659 4214 785 4279 ποιητοῦ)
805 4216 864 4268 πᾶν
880 4207 1000 4282 μάθημα
1017 4215 1064 4266 καὶ
1082 4213 1179 4264 πᾶσαν
1195 4214 1300 4280 τέχνην.
1345 4214 1438 4280 quibus
1456 4229 1471 4264 ο

188 4300 282 4361 verbis,
301 4312 331 4347 ac
350 4298 407 4364 quis
426 4297 491 4348 mala
510 4298 584 4364 (qaue
603 4296 627 4345 lo
647 4298 760 4348 carmina
777 4299 846 4359 suut)
874 4305 905 4349 et
930 4297 987 4364 piru
1016 4297 1041 4348 in
1071 4297 1184 4348 irosiona
1208 4295 1395 4347 Panathenaico
1423 4313 1470 4346 non

188 4378 268 4430 luisse
287 4380 432 4444 concludat,
451 4397 499 4430 nou
519 4379 605 4430 timeo.

290 4461 333 4523 2⁰⁴)
352 4461 525 4513 Cullisthcuca
543 4462 570 4512 in
588 4461 668 4512 schol.
688 4459 750 4528 Lyc.
769 4462 828 4514 319.
