3126 5056
717 272 939 336 „pg-

187 452 297 514 scilicet
319 471 386 513 cum
410 451 610 532 phallophoris
634 452 796 526 mitterent,
830 451 868 512 ita
902 451 1080 532 imperatum
1111 459 1182 525 erat,
1218 459 1251 512 ut
1280 448 1370 511 boves
1399 467 1463 511 cum

185 551 290 612 ouibus
312 550 579 626 Panathenaeis²⁶).
624 550 819 611 Athenienses
840 560 940 611 autem
964 550 1172 630 phaDophoros
1194 549 1231 620 ei,
1262 567 1339 628 quos
1361 547 1465 620 coloni,

184 648 214 710 id
236 659 282 711 est
304 649 420 729 imperii
442 647 530 711 Attici
552 647 686 709 civitates
707 666 811 709 omnes
835 649 984 719 miserant,
1014 647 1116 709 ordine
1146 647 1235 727 longo
1256 645 1466 726 sequebantur.

186 758 249 810 tum
295 747 475 810 tributorum
518 767 594 828 quae
633 758 807 828 supereraut
843 749 984 829 pecuniae
1021 747 1092 809 item
1129 757 1217 826 atque
1254 744 1467 808 Panathenaeis

180 849 319 927 pompm,
352 866 427 927 quae
460 846 645 908 ehliueruae
675 846 855 926 supellectile
884 865 967 908 sacra
995 855 1229 926 sumptuosam,
1262 844 1469 925 portabantur,

186 946 291 1007 deiude
313 964 426 1019 eorum,
448 945 499 1024 qui
521 963 576 1026 pro
591 946 684 1025 patria
706 945 883 1018 occiderant,
906 945 957 1007 lilii
980 945 1134 1026 ephebiam
1158 943 1236 1005 nacti
1258 941 1467 1024 procedebant.

185 1044 312 1124 denique
334 1045 448 1125 equites
470 1062 608 1125 pompam
632 1044 812 1106 conclusisse
828 1043 889 1106 teri
909 1044 1093 1106 simillimum
1115 1043 1215 1123 est¹').
1246 1053 1349 1123 postea
1369 1052 1468 1103 autem

184 1143 300 1223 ephebi,
334 1154 369 1204 ut
398 1142 635 1205 comissatiouem
665 1144 874 1222 sequebantur,
908 1143 948 1204 ita
979 1143 1009 1204 in
1039 1162 1147 1224 pompa
1170 1153 1289 1206 taurum
1312 1140 1467 1223 proprium

185 1239 392 1319 ducebant'⁸).

285 1341 320 1401 ad
351 1350 544 1421 postremum,
574 1360 633 1422 quo
663 1340 767 1403 ordine
796 1339 926 1419 singulos
952 1339 982 1400 iu
1005 1359 1114 1420 pompa
1135 1338 1332 1421 processissse
1354 1345 1468 1418 putem,

185 1438 312 1501 breviter
334 1451 449 1520 repeto:
480 1445 661 1521 canephoros
692 1440 781 1501 boves
811 1440 1014 1520 obeliapboros
1044 1441 1223 1520 ascophoros
1249 1437 1469 1518 scaphephoros

185 1538 397 1618 hydriaphoros
420 1539 627 1620 phallopboros
649 1539 839 1619 magistratus
864 1540 974 1600 tributa
996 1539 1124 1619 pupillos
1145 1537 1260 1618 equites
1269 1536 1319 1614 ²⁹).
1363 1535 1468 1596 eadem

184 1647 284 1698 autern
309 1637 352 1697 ria
375 1639 510 1717 pompica
534 1647 564 1699 ct
585 1639 754 1700 comissatio
777 1647 807 1699 et
828 1656 936 1718 pompa
959 1637 1129 1699 ducebatur.

284 1737 424 1815 quoniam
454 1737 692 1800 comissationem
723 1747 754 1799 ct
782 1755 921 1817 pompam
952 1736 1141 1809 absolvimus,
1172 1753 1253 1797 nuuc
1273 1732 1345 1814 quid
1367 1751 1405 1794 ex
1425 1731 1469 1792 cis

185 1835 221 1897 ad
243 1836 477 1914 cognoscendam
501 1836 707 1918 Dionysiorum
731 1844 868 1898 naturam
891 1846 1043 1916 sequatur,
1067 1835 1226 1896 videamus.

286 1952 319 1994 ac
341 1935 470 2013 primum
494 1937 613 2014 quidem
637 1936 809 1999 Pisistratus
833 1953 936 2014 magno
961 1935 1098 2015 Dionysia
1121 1933 1161 1995 ita
1183 1931 1323 2004 condidit,
1350 1941 1386 1992 ut
1408 1946 1469 1991 uou

186 2030 279 2110 magis
301 2032 403 2105 cultui,
433 2051 521 2111 quaur
545 2034 690 2112 gerendae
714 2035 755 2094 rei
777 2033 911 2114 publicae
933 2033 1064 2094 consiliis
1086 2032 1210 2105 lateret3
1240 2030 1365 2110 cogitate
1387 2028 1468 2090 enim

100 2188 103 2194 ,
185 2130 318 2208 gentium
342 2131 485 2192 nobilium
508 2131 616 2193 Pandia
639 2133 845 2212 Dionysiorum
870 2132 1028 2213 splendore
1050 2131 1227 2193 obscurarit.

286 2239 369 2289 sexto
393 2229 509 2290 saeculo
539 2230 628 2308 igitur
651 2230 755 2291 Dacchi
786 2231 978 2291 simulacrum
1002 2229 1169 2292 Eleutheris
1191 2229 1320 2290 Athenas
1343 2226 1467 2287 ductum

186 2335 240 2387 est
269 2327 355 2389 cuius
378 2327 407 2388 in
431 2328 500 2388 lacti
524 2328 697 2389 memoriam
715 2329 911 2390 Athenienses
932 2331 1091 2408 quotannis
1106 2327 1315 2391 comissatione
1331 2324 1468 2385 instituta

187 2435 313 2487 statuam
345 2427 469 2506 ligneam
501 2427 597 2488 denuo
627 2428 657 2488 in
685 2429 788 2488 urbem
812 2428 1004 2489 deducebant.
1050 2447 1109 2490 non
1132 2429 1172 2489 ita
1195 2427 1284 2507 igitur
1306 2433 1341 2484 ut
1363 2421 1469 2484 Bacchi

186 2524 276 2585 lonici
300 2525 393 2605 ipsius
415 2544 483 2585 cum
507 2544 560 2587 suo
583 2526 678 2587 thiaso
700 2527 855 2596 adventus,
878 2526 929 2587 sed
955 2536 1103 2604 tamquam
1128 2525 1226 2587 cultus
1245 2524 1281 2585 ah
1297 2521 1468 2584 homiuibus

186 2623 316 2684 instituti
338 2624 555 2686 anniversarius
578 2625 727 2686 simulacri
749 2624 891 2686 introitus
914 2624 1111 2704 repetebatur.
1146 2641 1205 2703 quo
1226 2625 1336 2684 iactum
1357 2629 1411 2686 est.
1435 2629 1470 2681 ut

188 2721 275 2783 etiam
299 2740 415 2802 pompa,
443 2743 501 2802 qua
524 2723 613 2783 deum
636 2741 744 2784 notum
768 2723 944 2797 salutabant,
967 2724 1107 2802 religione
1129 2731 1255 2784 careret:
1286 2737 1353 2781 uam
1377 2737 1468 2780 num-

189 2839 277 2900 quam
312 2822 420 2882 lascina
453 2822 501 2880 illa
533 2821 619 2881 deum
653 2822 752 2901 ipsum
784 2821 1030 2901 significaverant,
1063 2822 1113 2883 sed
1144 2821 1181 2883 ab
1202 2819 1287 2882 initio
1318 2829 1469 2896 umquam

188 2919 398 3000 procreationis
420 2919 551 2998 symbola
573 2920 774 2999 portabantur.

289 3018 397 3096 quibus
430 3019 621 3080 sollemnibus
653 3017 876 3080 Atheniensium
911 3019 1013 3081 civitas
1046 3020 1081 3081 ad
1114 3018 1271 3099 imperium
1307 3014 1469 3095 regendum

189 3135 249 3178 nou
272 3117 372 3177 miuus
399 3135 451 3178 usa
474 3127 528 3190 est,
561 3136 650 3196 quam
684 3118 719 3179 ad
741 3118 867 3181 Atticam
898 3119 1090 3180 coercendam
1113 3117 1302 3192 Pisistratus3
1335 3133 1404 3177 nam
1436 3123 1471 3175 ut

290 3416 323 3481 ¹⁶)
342 3417 406 3483 qood
425 3414 624 3466 crescentonis
642 3414 783 3481 imperatur
800 3412 925 3465 fascinum
943 3414 1009 3478 (ClA
1027 3414 1095 3478 tet)
1112 3415 1173 3482 quin
1191 3415 1223 3465 ad
1240 3413 1363 3466 civitates
1382 3427 1470 3467 amnes

191 3499 286 3551 reterri
305 3499 395 3566 possit,
414 3514 462 3548 non
482 3497 604 3564 estquod
623 3497 774 3548 dubitemus.

290 3592 324 3656 ²¹)
342 3593 440 3660 equites
458 3594 505 3644 huc
523 3593 548 3642 in
567 3608 656 3660 pompa
683 3608 731 3642 non
759 3591 839 3644 luisse
865 3593 929 3643 haud
956 3590 1034 3643 facile
1059 3593 1190 3660 quisquam
1211 3592 1319 3660 potabit.
1355 3591 1469 3643 atesim

190 3675 298 3728 tributis
326 3677 435 3741 portatis
462 3675 563 3741 imperii
589 3690 648 3741 opes
676 3675 894 3741 producebantur,
924 3675 962 3726 ita
991 3675 1090 3741 equites
1118 3676 1144 3726 iu
1171 3676 1289 3726 exercitu
1315 3673 1470 3726 Atheniensi

190 3759 299 3809 maxime
317 3757 492 3823 splendebant.
528 3756 704 3822 (splendebunt
731 3757 821 3821 lorma,
849 3773 897 3807 non
922 3757 1032 3818 virtute3
1058 3759 1156 3808 rectius
1175 3758 1303 3824 simplices
1320 3756 1360 3807 illi
1378 3762 1471 3807 nantas

190 3841 249 3890 duri
267 3839 293 3890 in
313 3853 402 3905 pompa
422 3837 625 3902 processissent)
662 3839 761 3904 equites
780 3847 865 3890 autem
884 3854 913 3889 cs
932 3840 962 3888 de
980 3854 1065 3903 causo,
1084 3839 1149 3905 quod
1167 3839 1309 3890 certamina
1326 3837 1470 3904 spectaturi

191 3928 286 3983 esseut,
314 3921 338 3970 in
358 3933 446 3986 pompa
465 3935 513 3968 ooo
532 3917 613 3970 luisse
632 3921 723 3986 opponi
741 3920 842 3986 oequit;
870 3936 925 3971 nam
944 3920 1053 3987 ephebos
1071 3928 1098 3970 et
1117 3922 1141 3971 io
1163 3937 1248 3988 pompa
1268 3920 1426 3988 processisse
1444 3925 1471 3971 et

190 4003 343 4070 spectaculis
362 4000 475 4052 adfuisse
493 4015 507 4050 e
525 4000 611 4052 titulis
629 4004 730 4053 sciurus.
768 4003 900 4053 calonibus
918 4010 1003 4053 autern
1021 4003 1079 4069 equi
1096 4005 1165 4053 tradi
1185 4009 1310 4069 poteraut.

290 4098 324 4161 ¹⁸)
342 4097 445 4148 sacculo
463 4096 548 4147 altero
566 4112 589 4147 a.
603 4097 661 4147 cur.
682 4113 704 4147 n.
723 4096 775 4149 ClA
795 4095 816 4148 11
828 4098 887 4161 lbi,
906 4097 965 4160 stu,
983 4098 1041 4161 411,
1059 4098 1119 4160 4⁸2,
1137 4112 1160 4164 p.
1174 4097 1231 4149 cor.
1251 4114 1275 4148 n.
1293 4095 1414 4147 1111110.

290 4192 325 4257 ¹⁰)
341 4194 408 4244 huuc
426 4193 542 4244 ordinent
560 4192 715 4244 testimoniis
733 4193 812 4243 certis
831 4209 878 4242 non
897 4192 1043 4243 confirmari
1061 4192 1139 4259 probe
1157 4193 1227 4252 enioy
1254 4192 1300 4243 sed
1326 4207 1341 4242 e
1365 4205 1471 4257 pompae

190 4274 393 4327 Panathenaieac
410 4283 438 4326 et
455 4275 637 4341 Dionysiorum
664 4276 803 4339 agrestium
831 4274 999 4325 similitudine
1024 4289 1088 4340 quae
1106 4275 1278 4341 sequebantur
1296 4273 1472 4325 concludenda

190 4370 248 4407 ess·
267 4357 280 4382 ⁴⁴
320 4357 337 4406 i.
371 4372 419 4423 quo
438 4355 598 4420 factumest,
624 4363 653 4408 nt
678 4357 706 4408 id
733 4362 831 4407 tantum
860 4355 962 4406 dubium
990 4363 1067 4420 esset,
1096 4364 1180 4407 utrum
1205 4355 1303 4406 tributa
1326 4369 1358 4406 aa
1377 4348 1471 4422 pupilli

373 4444 391 4501 tq
418 4436 541 4491 isocratis
567 4439 649 4504 igitur
674 4437 737 4490 ordo
764 4438 906 4488 ursaodns
933 4443 998 4487 erat.
1036 4436 1135 4488 tributa
1160 4443 1246 4489 autem
1272 4452 1321 4488 soa
1343 4441 1471 4505 mus·

397 4510 497 4590 ephoris
514 4528 617 4590 portata
634 4535 692 4574 esse
710 4536 759 4572 aon
777 4519 900 4588 estquod
917 4517 1036 4586 pluribus
1054 4533 1185 4586 exponam.
