3126 5056
589 285 806 349 -89-

56 466 174 546 vestigia
197 475 327 526 secutam
351 482 415 525 esse
438 462 561 536 conicio,
596 464 646 524 sed
677 463 726 535 ita,
762 473 795 524 ut
817 461 982 525 hostiarum
1005 463 1171 543 agminibus
1193 463 1334 544 separatis

54 565 130 627 iuter
160 584 192 626 se
225 582 349 645 pompae
384 581 442 624 non
478 562 739 643 permiscerentur.
784 562 863 642 quod
894 580 962 623 cum
985 561 1115 624 Platonis
1138 563 1234 624 uerbis
1261 562 1334 624 bene

55 664 201 726 conuenit.
246 682 319 743 quas
354 681 476 742 pompas
510 665 635 724 tortasse
667 662 756 723 etium
789 662 820 736 ii,
854 662 904 741 qui
934 679 1055 741 uespere
1085 672 1233 724 certamen
1266 680 1335 724 cum

55 763 168 826 facibus
190 761 356 823 institutori
379 771 472 827 crant.
496 761 609 841 equites
633 761 874 842 sequebanturll.
905 761 1067 820 ducebatur
1087 771 1186 822 autem
1211 772 1336 841 utraque

55 880 162 944 pompa
195 861 230 921 ad
255 860 445 933 llendidenm
479 861 558 939 quud
593 880 684 941 prope
709 860 816 921 liisuae
838 859 1002 920 Munichiae
1025 878 1140 920 sacrum
1164 860 1193 920 in
1217 878 1336 921 summo

55 960 129 1023 colle
161 959 251 1022 situm
287 969 364 1032 erat3
397 978 456 1038 quo
480 959 573 1020 Piraei
600 959 644 1020 ria
668 958 864 1039 pulcherrima
894 957 969 1018 lines
992 969 1070 1019 recta
1094 978 1109 1018 a
1134 959 1198 1020 loro
1221 959 1337 1019 ridetur

55 1058 216 1130 duxisset).
261 1077 317 1138 qua
352 1057 381 1119 in
406 1060 449 1119 ria
480 1076 603 1138 pompae
626 1077 704 1131 eum,
738 1076 827 1136 quem
850 1057 986 1119 Socrates
1008 1066 1038 1117 et
1061 1057 1169 1118 Glauco
1192 1056 1335 1130 viderant,

55 1170 208 1240 aspectum
232 1156 418 1236 splendidum
443 1156 631 1236 praebebant.

155 1267 244 1336 etque
277 1256 349 1317 baec
381 1255 500 1336 quidem
534 1255 607 1318 satis
639 1265 718 1317 certa
751 1265 832 1317 sunt
877 1254 927 1317 sed
961 1272 1033 1316 num
1068 1254 1155 1316 etiam
1186 1253 1336 1334 spicarum

56 1355 209 1437 manipuli,
232 1355 332 1434 quales
355 1354 504 1416 'l'lrracum
527 1362 557 1415 et
577 1354 727 1415 Paeonum
752 1353 877 1416 feminae
906 1351 1141 1432 sacrificabant)
1164 1362 1194 1414 et
1215 1352 1337 1414 Athenis

55 1474 175 1536 quoquc
199 1453 320 1515 Bendidi
353 1453 465 1514 oblatos
499 1472 564 1514 esse
594 1453 653 1514 reri
684 1453 780 1514 simile
810 1451 894 1532 est⁸),
928 1452 958 1513 in
981 1451 1197 1512 llendideorum
1221 1451 1337 1532 pompis

56 1555 137 1617 ducti
161 1553 230 1620 sint.
254 1551 358 1614 conlisi
382 1552 492 1631 nequit.
534 1562 630 1614 tamen
654 1552 708 1613 bac
730 1571 746 1612 e
765 1550 979 1613 consuetudine
1000 1551 1127 1612 fortasse
1148 1549 1336 1612 sollemnium

56 1663 193 1716 naturam
217 1651 421 1732 perspicimus.
466 1669 525 1730 quo
549 1661 681 1730 tempore
703 1649 783 1712 enim
807 1648 912 1711 messis
935 1649 1032 1717 fiebat,
1054 1667 1089 1709 eo
1111 1647 1238 1709 Thraces
1262 1649 1337 1708 llen-

57 1751 117 1813 didi
151 1750 271 1829 gratiam
308 1750 347 1810 ita
380 1748 556 1821 referebant,
591 1758 624 1810 ut
653 1748 737 1808 lones
766 1747 892 1828 Apollini
918 1746 1082 1826 Thargeliu.
1127 1746 1205 1826 quud
1239 1756 1337 1807 autem

56 1849 204 1912 Reudidea
234 1847 402 1927 quindecim
432 1849 494 1908 lere
523 1847 585 1908 dies
616 1857 683 1927 post
708 1846 859 1926 'l'bargelin
891 1845 1124 1920 celebrabantur,
1158 1844 1338 1907 eTbrsciae

57 1949 117 2012 situ
148 1947 369 2028 septentrionali
401 1946 580 2025 intellegitur
602 1981 642 1990 —-
665 1946 689 2007 si
714 1945 802 2007 modo
827 1944 1039 2006 llendideorum
1064 1944 1126 2005 dies
1151 1962 1167 2005 a
1189 1943 1336 2005 Thracum

57 2045 250 2110 sollemnibus
273 2057 410 2126 sumptus
433 2055 487 2106 est.
518 2064 587 2107 cum
609 2055 706 2106 curtem
724 2045 917 2107 Athenienses
940 2044 1056 2105 saeculo
1071 2042 1175 2123 quinto
1191 2043 1338 2105 llendidea

57 2144 231 2224 reciperent,
264 2163 388 2225 pompae
421 2163 513 2205 novae
547 2144 604 2205 iam
639 2143 852 2224 splendidiores
886 2152 978 2213 erant,
1013 2161 1102 2223 quarn
1129 2141 1238 2221 quibus
1260 2142 1339 2203 solae

58 2241 155 2324 spicae
177 2243 325 2324 simplices
348 2243 607 2318 deducerentur⁹).
652 2262 742 2323 quare
766 2243 854 2304 bores
877 2243 987 2305 multos
1009 2242 1179 2304 oderebant.

519 2471 884 2533 IIAYNTHPIA.

159 2627 233 2689 quse
256 2608 291 2670 de
314 2607 470 2689 Plynteriis
496 2618 575 2670 certa
598 2608 735 2670 novimus
757 2608 830 2669 hsec
851 2616 935 2669 sunt:
970 2626 1038 2669 eum
1062 2605 1244 2690 Cellynteriis
1266 2625 1337 2670 con·

51 2706 191 2776 'iuncta¹)
210 2706 401 2786 'l'bsrgelione
425 2707 605 2783 blinerrae'l
628 2706 668 2768 ita
691 2705 924 2780 celebrabantur,
948 2715 982 2768 ut
1005 2706 1188 2786 temporibus
1209 2705 1339 2786 antiquis

57 2804 233 2886 Callynteria
265 2805 312 2867 die
345 2805 579 2879 undevicesimo,
613 2805 760 2888 Plynteria
794 2825 819 2867 a.
848 2805 1338 2886 (11111111.δεῖνορὴοτίοηίεθ),

56 2905 271 2986 posterioribus
287 2904 346 2965 Vll.
363 2905 421 2967 Cal.
439 2905 512 2966 Scir.
537 2905 680 2967 celebrata
703 2924 768 2966 esse
791 2903 988 2982 rideantur⁴).
1033 2902 1217 2985 Callyuteriis
1239 2915 1339 2966 autem

58 3003 201 3084 templum
236 3012 393 3084 purgatum
427 3023 492 3065 esse
525 3003 586 3064 ueri
619 3003 802 3065 simillimum
834 3014 879 3064 est
890 3003 924 3081 ⁶),
958 3002 1115 3083 Plpnteriis
1138 3003 1340 3084 Praxiergldae

59 3101 169 3181 templo
204 3101 324 3162 lunibus
358 3100 489 3182 saepm‘)
520 3101 666 3162 llineruae
696 3101 823 3162 Polisdis
856 3101 1047 3163 simulacrum
1075 3101 1205 3182 ligneum
1233 3114 1339 3164 ornatu

57 3200 205 3261 exuebant
234 3207 264 3260 et
285 3198 394 3261 amictu
418 3200 653 3276 obvolvebant7).
699 3209 848 3280 praeterea
871 3199 1027 3281 l‘lputeriis
1050 3220 1199 3282 pompam,
1230 3201 1340 3281 inqua

62 3293 220 3380 ἡγητηρ1α
242 3298 374 3378 placente
397 3318 412 3359 c
435 3298 497 3359 licis
520 3307 602 3359 cocta
625 3298 806 3379 portebatur,
830 3297 948 3360 ductam
971 3316 1036 3359 esse
1059 3298 1213 3376 scimus⁸).

160 3461 182 3524 ⁸)
200 3460 265 3513 Plnt.
286 3462 303 3512 l.
317 3479 339 3513 e.
358 3479 381 3528 p.
394 3462 444 3513 329
454 3478 477 3512 n.

157 3542 177 3604 ‘t
196 3543 261 3595 Xan.
282 3543 342 3594 bell.
362 3543 417 3607 114,
434 3543 546 3606 tu-113
567 3542 734 3594 Wsebsmntb
753 3543 826 3593 stadt
844 3541 927 3591 Athen
946 3541 967 3592 ll
986 3558 1008 3608 p.
1024 3541 1071 3593 tar
1082 3558 1119 3608 sq.

158 3625 178 3689 1)
198 3626 290 3677 llcrod.
310 3623 344 3676 lV
358 3625 399 3675 33.

159 3706 179 3769 ⁸)
198 3705 252 3758 Cld
269 3705 280 3756 l
297 3707 314 3757 1.
330 3723 352 3758 c.
371 3707 436 3756 unde
455 3706 505 3756 nisi
524 3705 653 3756 llsrodoto
672 3705 767 3756 colluto
786 3705 850 3756 nibil
868 3713 1027 3772 sequeretur.

159 3788 181 3850 ⁰)
200 3788 299 3840 Tbescn
318 3788 447 3840 llisotcrln
467 3787 622 3855 liepbnsstin
640 3787 787 3853 Asclepion.

165 3869 182 3931 ¹)
201 3868 273 3920 Pbut.
293 3866 478 3936 nauminia
495 3872 541 3921 nul
559 3865 723 3940 Πλυντήρια.

161 3949 181 4009 't
199 3950 268 4002 Plut.
287 3951 372 4003 Aleib.
391 3949 514 4002 XXXlV.

161 4030 345 4093 3)1)1101.1.ο.

159 4114 179 4174 ⁴)
199 4112 265 4164 Plut.
285 4114 302 4164 l.
321 4132 352 4177 c.,
380 4112 411 4165 cl.
430 4115 461 4165 de
480 4112 553 4165 l’rott
576 4112 637 4164 lasti
656 4113 724 4164 sacri
744 4130 767 4180 p.
780 4117 810 4176 ὃς
838 4121 928 4166 contre
946 4115 1126 4167 Mommsenius
1145 4132 1166 4182 p.
1180 4115 1240 4166 est.
1254 4114 1341 4167 l’botii

59 4194 138 4244 verbs
158 4196 315 4259 neglegendo
333 4211 391 4248 essa
410 4196 487 4248 iubet.
525 4210 572 4263 qun
591 4195 617 4246 in
637 4197 786 4262 quaestione
804 4197 954 4247 commorari
973 4197 1049 4248 bnins
1069 4198 1120 4250 loci
1139 4214 1187 4248 non
1207 4205 1255 4249 cst.

158 4277 180 4340 Ι1)
198 4276 334 4328 Mommsen
354 4293 376 4343 p.
390 4278 440 4328 176
449 4293 495 4344 sq,
513 4276 547 4328 cl.
565 4275 679 4328 Pbilocb.
701 4278 725 4328 in
744 4279 824 4329 sebol.
845 4278 903 4329 llas.
923 4294 961 4345 op.
981 4286 1007 4328 ct
1025 4281 1049 4329 d.
1068 4279 1126 4332 812.

160 4357 181 4423 ⁸)
200 4357 264 4408 Poll.
280 4357 406 4411 11111141.

160 4440 181 4503 Ι)
199 4439 266 4490 erut.
281 4439 298 4489 l.
308 4456 340 4503 c.,
359 4439 423 4491 lien.
434 4439 496 4491 bell.
510 4439 520 4490 l
532 4442 558 4504 d,
572 4440 609 4502 12,
627 4441 686 4492 lles.
699 4439 900 4509 Πραξιεργίδαι,
918 4438 950 4490 ci.
963 4440 1082 4506 'l'oaplisr
1095 4443 1150 4495 Arc
1165 4441 1228 4493 Gon.
1246 4442 1292 4495 1³³
1303 4456 1340 4505 sq.

160 4520 182 4585 8)
200 4520 258 4571 llos.
277 4528 305 4572 et
324 4521 393 4572 rtur.
413 4538 434 4572 ι.
447 4539 472 4573 v.
491 4522 566 4584 (nude
586 4521 627 4573 llt.
647 4522 679 4572 bl.
699 4529 726 4572 et
744 4520 861 4573 llnstntb.
880 4521 1058 4591 ρ.1399,30).
