<?xml version="1.0" encoding="UTF-8"?>
<!DOCTYPE html PUBLIC "-//W3C//DTD XHTML 1.0 Transitional//EN"
    "http://www.w3.org/TR/xhtml1/DTD/xhtml1-transitional.dtd">
<html xmlns="http://www.w3.org/1999/xhtml" xml:lang="en" lang="en">
 <head>
  <title>
</title>
<meta http-equiv="Content-Type" content="text/html;charset=utf-8" />
  <meta name='ocr-system' content='tesseract 3.04.00' />
  <meta name='ocr-capabilities' content='ocr_page ocr_carea ocr_par ocr_line ocrx_word'/>
</head>
<body>
  <div class='ocr_page' id='page_1' title='image "./deatheniensiump00pfuhgoog_0027.png"; bbox 0 0 3126 5056; ppageno 0'>
   <div class='ocr_carea' id='block_1_1' title="bbox 667 215 888 277">
    <p class='ocr_par' dir='ltr' id='par_1_1' title="bbox 667 215 888 277">
     <span class='ocr_line' id='line_1_1' title="bbox 667 215 888 277; baseline 0 -17"><span class='ocrx_word' id='word_1_1' title='bbox 667 215 888 277; x_wconf 78' lang='lat'>..14-</span> 
     </span>
    </p>
   </div>
   <div class='ocr_carea' id='block_1_2' title="bbox 138 385 1427 2360">
    <p class='ocr_par' dir='ltr' id='par_1_2' title="bbox 138 385 1424 1468">
     <span class='ocr_line' id='line_1_2' title="bbox 138 385 1423 472; baseline -0.005 -13"><span class='ocrx_word' id='word_1_2' title='bbox 138 394 269 459; x_wconf 84' lang='lat' dir='ltr'><strong>Platonis</strong></span> <span class='ocrx_word' id='word_1_3' title='bbox 292 391 495 454; x_wconf 88' lang='lat' dir='ltr'><strong>testimonium</strong></span> <span class='ocrx_word' id='word_1_4' title='bbox 519 411 606 472; x_wconf 80' lang='lat' dir='ltr'><strong>grave</strong></span> <span class='ocrx_word' id='word_1_5' title='bbox 620 391 723 468; x_wconf 79' lang='lat' dir='ltr'><strong>est⁰¹):</strong></span> <span class='ocrx_word' id='word_1_6' title='bbox 747 388 765 454; x_wconf 82' lang='grc' dir='ltr'>ὁ</span> <span class='ocrx_word' id='word_1_7' title='bbox 790 389 919 463; x_wconf 79' lang='grc' dir='ltr'><strong><em>πέπλος</em></strong></span> <span class='ocrx_word' id='word_1_8' title='bbox 941 389 1058 471; x_wconf 73' lang='grc' dir='ltr'><em>μεστὸς</em></span> <span class='ocrx_word' id='word_1_9' title='bbox 1080 385 1325 453; x_wconf 70' lang='grc' dir='ltr'><strong><em>τῶντοιούτων</em></strong></span> <span class='ocrx_word' id='word_1_10' title='bbox 1341 413 1423 455; x_wconf 77' lang='grc' dir='ltr'><strong><em>ποι-</em></strong></span> 
     </span>
     <span class='ocr_line' id='line_1_3' title="bbox 140 489 1421 576; baseline -0.004 -18"><span class='ocrx_word' id='word_1_11' title='bbox 140 489 325 576; x_wconf 59' lang='lat' dir='ltr'><strong>stipatam</strong></span> <span class='ocrx_word' id='word_1_12' title='bbox 359 492 436 554; x_wconf 90' lang='lat' dir='ltr'><strong>unde</strong></span> <span class='ocrx_word' id='word_1_13' title='bbox 470 493 557 554; x_wconf 91' lang='lat' dir='ltr'><strong>etiam</strong></span> <span class='ocrx_word' id='word_1_14' title='bbox 591 492 708 554; x_wconf 88' lang='lat' dir='ltr'><strong>saeculo</strong></span> <span class='ocrx_word' id='word_1_15' title='bbox 741 502 847 571; x_wconf 89' lang='lat' dir='ltr'><strong>quarto</strong></span> <span class='ocrx_word' id='word_1_16' title='bbox 869 499 962 552; x_wconf 89' lang='lat' dir='ltr'><strong>totam</strong></span> <span class='ocrx_word' id='word_1_17' title='bbox 986 500 1094 551; x_wconf 84' lang='lat' dir='ltr'><strong>vestem</strong></span> <span class='ocrx_word' id='word_1_18' title='bbox 1118 489 1243 570; x_wconf 89' lang='lat' dir='ltr'><strong>picturis</strong></span> <span class='ocrx_word' id='word_1_19' title='bbox 1272 491 1421 572; x_wconf 73' lang='lat' dir='ltr'><strong>expletam</strong></span> 
     </span>
     <span class='ocr_line' id='line_1_4' title="bbox 139 587 1421 669; baseline -0.004 -13"><span class='ocrx_word' id='word_1_20' title='bbox 139 613 205 657; x_wconf 90' lang='lat' dir='ltr'><strong>esse</strong></span> <span class='ocrx_word' id='word_1_21' title='bbox 227 593 332 654; x_wconf 83' lang='lat' dir='ltr'><strong>elucet</strong></span> <span class='ocrx_word' id='word_1_22' title='bbox 376 601 464 669; x_wconf 86' lang='lat' dir='ltr'><strong>atque</strong></span> <span class='ocrx_word' id='word_1_23' title='bbox 486 591 573 652; x_wconf 89' lang='lat' dir='ltr'><strong>etiam</strong></span> <span class='ocrx_word' id='word_1_24' title='bbox 597 591 706 652; x_wconf 85' lang='lat' dir='ltr'><strong>limites</strong></span> <span class='ocrx_word' id='word_1_25' title='bbox 729 601 843 652; x_wconf 79' lang='lat' dir='ltr'><strong>veteres</strong></span> <span class='ocrx_word' id='word_1_26' title='bbox 865 601 997 652; x_wconf 84' lang='lat' dir='ltr'><strong>serratos</strong></span> <span class='ocrx_word' id='word_1_27' title='bbox 1019 608 1083 651; x_wconf 90' lang='lat' dir='ltr'><strong>esse</strong></span> <span class='ocrx_word' id='word_1_28' title='bbox 1110 587 1317 651; x_wconf 80' lang='lat' dir='ltr'><strong>censebimus:</strong></span> <span class='ocrx_word' id='word_1_29' title='bbox 1352 608 1421 651; x_wconf 83' lang='lat' dir='ltr'><strong>nam</strong></span> 
     </span>
     <span class='ocr_line' id='line_1_5' title="bbox 140 688 1424 776; baseline -0.005 -20"><span class='ocrx_word' id='word_1_30' title='bbox 140 694 269 776; x_wconf 88' lang='lat' dir='ltr'><strong>primum</strong></span> <span class='ocrx_word' id='word_1_31' title='bbox 300 691 346 751; x_wconf 81' lang='lat' dir='ltr'><strong>lex</strong></span> <span class='ocrx_word' id='word_1_32' title='bbox 375 709 457 754; x_wconf 89' lang='lat' dir='ltr'><strong>sacra</strong></span> <span class='ocrx_word' id='word_1_33' title='bbox 489 691 566 752; x_wconf 91' lang='lat' dir='ltr'><strong>banc</strong></span> <span class='ocrx_word' id='word_1_34' title='bbox 597 693 722 752; x_wconf 82' lang='lat' dir='ltr'><strong>sormam</strong></span> <span class='ocrx_word' id='word_1_35' title='bbox 750 690 991 772; x_wconf 81' lang='lat' dir='ltr'>praescripsisse,</span> <span class='ocrx_word' id='word_1_36' title='bbox 1018 688 1122 750; x_wconf 91' lang='lat' dir='ltr'><strong>deinde</strong></span> <span class='ocrx_word' id='word_1_37' title='bbox 1150 706 1247 768; x_wconf 88' lang='lat' dir='ltr'><strong>neque</strong></span> <span class='ocrx_word' id='word_1_38' title='bbox 1276 707 1327 751; x_wconf 88' lang='lat' dir='ltr'><strong>ars</strong></span> <span class='ocrx_word' id='word_1_39' title='bbox 1359 699 1424 750; x_wconf 81' lang='lat' dir='ltr'><strong>tex·</strong></span> 
     </span>
     <span class='ocr_line' id='line_1_6' title="bbox 141 789 1423 871; baseline -0.003 -17"><span class='ocrx_word' id='word_1_40' title='bbox 141 793 217 855; x_wconf 90' lang='lat' dir='ltr'><strong>trina</strong></span> <span class='ocrx_word' id='word_1_41' title='bbox 250 790 395 871; x_wconf 80' lang='lat' dir='ltr'><strong>picturam</strong></span> <span class='ocrx_word' id='word_1_42' title='bbox 428 789 595 852; x_wconf 79' lang='lat' dir='ltr'><strong>liberiorem</strong></span> <span class='ocrx_word' id='word_1_43' title='bbox 629 790 669 852; x_wconf 86' lang='lat' dir='ltr'><strong>ita</strong></span> <span class='ocrx_word' id='word_1_44' title='bbox 705 800 805 852; x_wconf 88' lang='lat' dir='ltr'><strong>secuta</strong></span> <span class='ocrx_word' id='word_1_45' title='bbox 827 809 902 863; x_wconf 87' lang='lat' dir='ltr'><strong>esse,</strong></span> <span class='ocrx_word' id='word_1_46' title='bbox 936 799 969 851; x_wconf 90' lang='lat' dir='ltr'><strong>ut</strong></span> <span class='ocrx_word' id='word_1_47' title='bbox 991 797 1091 851; x_wconf 86' lang='lat' dir='ltr'><strong>nostra</strong></span> <span class='ocrx_word' id='word_1_48' title='bbox 1113 796 1208 849; x_wconf 89' lang='lat' dir='ltr'><strong>aetate</strong></span> <span class='ocrx_word' id='word_1_49' title='bbox 1229 790 1344 850; x_wconf 86' lang='lat' dir='ltr'><strong>lactum</strong></span> <span class='ocrx_word' id='word_1_50' title='bbox 1368 799 1423 863; x_wconf 85' lang='lat' dir='ltr'><strong>est,</strong></span> 
     </span>
     <span class='ocr_line' id='line_1_7' title="bbox 140 886 1424 975; baseline -0.005 -19"><span class='ocrx_word' id='word_1_51' title='bbox 140 913 235 975; x_wconf 90' lang='lat' dir='ltr'><strong>neque</strong></span> <span class='ocrx_word' id='word_1_52' title='bbox 259 889 347 951; x_wconf 89' lang='lat' dir='ltr'><strong>unius</strong></span> <span class='ocrx_word' id='word_1_53' title='bbox 369 889 501 970; x_wconf 79' lang='lat' dir='ltr'><strong>picturae</strong></span> <span class='ocrx_word' id='word_1_54' title='bbox 524 909 645 970; x_wconf 82' lang='lat' dir='ltr'><strong>magnae</strong></span> <span class='ocrx_word' id='word_1_55' title='bbox 667 890 762 952; x_wconf 85' lang='lat' dir='ltr'><strong>forma</strong></span> <span class='ocrx_word' id='word_1_56' title='bbox 778 889 852 951; x_wconf 82' lang='lat' dir='ltr'><strong>vesti</strong></span> <span class='ocrx_word' id='word_1_57' title='bbox 868 889 1040 951; x_wconf 83' lang='lat' dir='ltr'><strong>convenisse</strong></span> <span class='ocrx_word' id='word_1_58' title='bbox 1054 886 1184 970; x_wconf 89' lang='lat' dir='ltr'><strong>putanda</strong></span> <span class='ocrx_word' id='word_1_59' title='bbox 1199 895 1254 948; x_wconf 79' lang='lat' dir='ltr'><strong>est.</strong></span> <span class='ocrx_word' id='word_1_60' title='bbox 1293 887 1424 968; x_wconf 86' lang='lat' dir='ltr'><strong>denique</strong></span> 
     </span>
     <span class='ocr_line' id='line_1_8' title="bbox 140 987 1424 1070; baseline -0.005 -15"><span class='ocrx_word' id='word_1_61' title='bbox 140 1013 195 1055; x_wconf 88' lang='lat' dir='ltr'><strong>nec</strong></span> <span class='ocrx_word' id='word_1_62' title='bbox 218 1011 284 1055; x_wconf 84' lang='lat' dir='ltr'><strong>vasa</strong></span> <span class='ocrx_word' id='word_1_63' title='bbox 300 988 560 1065; x_wconf 81' lang='lat' dir='ltr'><strong>Panathenaica⁸²)</strong></span> <span class='ocrx_word' id='word_1_64' title='bbox 582 1008 678 1068; x_wconf 88' lang='lat' dir='ltr'><strong>neque</strong></span> <span class='ocrx_word' id='word_1_65' title='bbox 700 999 797 1051; x_wconf 88' lang='lat' dir='ltr'><strong>statua</strong></span> <span class='ocrx_word' id='word_1_66' title='bbox 819 1008 895 1068; x_wconf 90' lang='lat' dir='ltr'><strong>quae</strong></span> <span class='ocrx_word' id='word_1_67' title='bbox 911 989 1037 1051; x_wconf 84' lang='lat' dir='ltr'><strong>Dresdae</strong></span> <span class='ocrx_word' id='word_1_68' title='bbox 1057 987 1269 1064; x_wconf 81' lang='lat' dir='ltr'><strong>asservatur⁸⁸)</strong></span> <span class='ocrx_word' id='word_1_69' title='bbox 1291 988 1329 1050; x_wconf 88' lang='lat' dir='ltr'><strong>ad</strong></span> <span class='ocrx_word' id='word_1_70' title='bbox 1344 987 1424 1070; x_wconf 83' lang='lat' dir='ltr'><strong>pepli</strong></span> 
     </span>
     <span class='ocr_line' id='line_1_9' title="bbox 140 1084 1424 1171; baseline -0.005 -17"><span class='ocrx_word' id='word_1_71' title='bbox 140 1096 266 1154; x_wconf 75' lang='lat' dir='ltr'><strong>sormam</strong></span> <span class='ocrx_word' id='word_1_72' title='bbox 290 1087 522 1171; x_wconf 81' lang='lat' dir='ltr'><strong>cognoscendam</strong></span> <span class='ocrx_word' id='word_1_73' title='bbox 545 1088 703 1168; x_wconf 91' lang='lat' dir='ltr'><strong>quicquam</strong></span> <span class='ocrx_word' id='word_1_74' title='bbox 719 1089 860 1161; x_wconf 80' lang='lat' dir='ltr'><strong>aderunt3</strong></span> <span class='ocrx_word' id='word_1_75' title='bbox 883 1107 951 1150; x_wconf 90' lang='lat' dir='ltr'><strong>nam</strong></span> <span class='ocrx_word' id='word_1_76' title='bbox 968 1108 1034 1150; x_wconf 86' lang='lat' dir='ltr'><strong>vasa</strong></span> <span class='ocrx_word' id='word_1_77' title='bbox 1049 1097 1166 1169; x_wconf 88' lang='lat' dir='ltr'><strong>praeter</strong></span> <span class='ocrx_word' id='word_1_78' title='bbox 1180 1086 1322 1164; x_wconf 80' lang='lat' dir='ltr'><strong>unum⁸⁴l</strong></span> <span class='ocrx_word' id='word_1_79' title='bbox 1345 1084 1424 1168; x_wconf 90' lang='lat' dir='ltr'><strong>pepli</strong></span> 
     </span>
     <span class='ocr_line' id='line_1_10' title="bbox 141 1185 1424 1273; baseline -0.005 -20"><span class='ocrx_word' id='word_1_80' title='bbox 141 1191 271 1273; x_wconf 86' lang='lat' dir='ltr'><strong>picturas</strong></span> <span class='ocrx_word' id='word_1_81' title='bbox 294 1189 417 1252; x_wconf 89' lang='lat' dir='ltr'><strong>omnino</strong></span> <span class='ocrx_word' id='word_1_82' title='bbox 439 1205 499 1247; x_wconf 88' lang='lat' dir='ltr'><strong>non</strong></span> <span class='ocrx_word' id='word_1_83' title='bbox 522 1189 656 1249; x_wconf 78' lang='lat' dir='ltr'><strong>referunt</strong></span> <span class='ocrx_word' id='word_1_84' title='bbox 679 1206 775 1267; x_wconf 90' lang='lat' dir='ltr'><strong>neque</strong></span> <span class='ocrx_word' id='word_1_85' title='bbox 797 1188 930 1268; x_wconf 82' lang='lat' dir='ltr'><strong>sculptor</strong></span> <span class='ocrx_word' id='word_1_86' title='bbox 953 1198 1047 1251; x_wconf 89' lang='lat' dir='ltr'><strong>totum</strong></span> <span class='ocrx_word' id='word_1_87' title='bbox 1064 1187 1183 1269; x_wconf 90' lang='lat' dir='ltr'><strong>peplum</strong></span> <span class='ocrx_word' id='word_1_88' title='bbox 1199 1185 1424 1268; x_wconf 78' lang='lat' dir='ltr'><strong>prostypisim·</strong></span> 
     </span>
     <span class='ocr_line' id='line_1_11' title="bbox 142 1285 1423 1372; baseline -0.004 -20"><span class='ocrx_word' id='word_1_89' title='bbox 142 1291 221 1372; x_wconf 90' lang='lat' dir='ltr'><strong>plere</strong></span> <span class='ocrx_word' id='word_1_90' title='bbox 245 1290 356 1370; x_wconf 88' lang='lat' dir='ltr'><strong>potuit:</strong></span> <span class='ocrx_word' id='word_1_91' title='bbox 379 1285 456 1348; x_wconf 89' lang='lat' dir='ltr'><strong>unde</strong></span> <span class='ocrx_word' id='word_1_92' title='bbox 480 1286 609 1370; x_wconf 88' lang='lat' dir='ltr'><strong>picturas</strong></span> <span class='ocrx_word' id='word_1_93' title='bbox 632 1287 662 1348; x_wconf 94' lang='lat' dir='ltr'><strong>in</strong></span> <span class='ocrx_word' id='word_1_94' title='bbox 685 1287 815 1361; x_wconf 84' lang='lat' dir='ltr'><strong>solaco,</strong></span> <span class='ocrx_word' id='word_1_95' title='bbox 839 1288 890 1368; x_wconf 90' lang='lat' dir='ltr'><strong>qui</strong></span> <span class='ocrx_word' id='word_1_96' title='bbox 913 1287 1072 1368; x_wconf 88' lang='lat' dir='ltr'><strong>sculpendo</strong></span> <span class='ocrx_word' id='word_1_97' title='bbox 1096 1286 1222 1348; x_wconf 84' lang='lat' dir='ltr'><strong>maxime</strong></span> <span class='ocrx_word' id='word_1_98' title='bbox 1240 1296 1328 1367; x_wconf 90' lang='lat' dir='ltr'><strong>aptus</strong></span> <span class='ocrx_word' id='word_1_99' title='bbox 1347 1291 1423 1356; x_wconf 85' lang='lat' dir='ltr'><strong>erat,</strong></span> 
     </span>
     <span class='ocr_line' id='line_1_12' title="bbox 142 1387 922 1468; baseline -0.005 -18"><span class='ocrx_word' id='word_1_100' title='bbox 142 1389 316 1468; x_wconf 82' lang='lat' dir='ltr'><strong>significavit</strong></span> <span class='ocrx_word' id='word_1_101' title='bbox 339 1387 432 1466; x_wconf 82' lang='lat' dir='ltr'><strong>magis</strong></span> <span class='ocrx_word' id='word_1_102' title='bbox 454 1406 543 1467; x_wconf 91' lang='lat' dir='ltr'><strong>quam</strong></span> <span class='ocrx_word' id='word_1_103' title='bbox 566 1396 702 1448; x_wconf 88' lang='lat' dir='ltr'><strong>accurate</strong></span> <span class='ocrx_word' id='word_1_104' title='bbox 724 1387 922 1466; x_wconf 80' lang='lat' dir='ltr'><strong>expressit⁸⁵).</strong></span> 
     </span>
    </p>

    <p class='ocr_par' dir='ltr' id='par_1_3' title="bbox 142 1485 1426 2259">
     <span class='ocr_line' id='line_1_13' title="bbox 243 1485 1423 1568; baseline 0 -19"><span class='ocrx_word' id='word_1_105' title='bbox 243 1488 278 1549; x_wconf 93' lang='lat' dir='ltr'><strong>ad</strong></span> <span class='ocrx_word' id='word_1_106' title='bbox 301 1497 486 1568; x_wconf 90' lang='lat' dir='ltr'><strong>postremum</strong></span> <span class='ocrx_word' id='word_1_107' title='bbox 509 1505 600 1567; x_wconf 89' lang='lat' dir='ltr'><strong>pauca</strong></span> <span class='ocrx_word' id='word_1_108' title='bbox 623 1485 659 1547; x_wconf 90' lang='lat' dir='ltr'><strong>de</strong></span> <span class='ocrx_word' id='word_1_109' title='bbox 680 1485 758 1567; x_wconf 88' lang='lat' dir='ltr'><strong>pepli</strong></span> <span class='ocrx_word' id='word_1_110' title='bbox 778 1485 926 1547; x_wconf 90' lang='lat' dir='ltr'><strong>coloribus</strong></span> <span class='ocrx_word' id='word_1_111' title='bbox 941 1485 1072 1546; x_wconf 89' lang='lat' dir='ltr'><strong>addenda</strong></span> <span class='ocrx_word' id='word_1_112' title='bbox 1087 1496 1168 1549; x_wconf 82' lang='lat' dir='ltr'><strong>sunt</strong></span> <span class='ocrx_word' id='word_1_113' title='bbox 1201 1495 1289 1567; x_wconf 88' lang='lat' dir='ltr'><strong>atque</strong></span> <span class='ocrx_word' id='word_1_114' title='bbox 1304 1487 1423 1550; x_wconf 87' lang='lat' dir='ltr'><strong>saeculo</strong></span> 
     </span>
     <span class='ocr_line' id='line_1_14' title="bbox 142 1584 1424 1668; baseline -0.002 -19"><span class='ocrx_word' id='word_1_115' title='bbox 142 1586 248 1668; x_wconf 89' lang='lat' dir='ltr'><strong>quinto</strong></span> <span class='ocrx_word' id='word_1_116' title='bbox 270 1605 388 1648; x_wconf 89' lang='lat' dir='ltr'><strong>crocum</strong></span> <span class='ocrx_word' id='word_1_117' title='bbox 413 1605 549 1666; x_wconf 80' lang='lat' dir='ltr'><strong>regnasse</strong></span> <span class='ocrx_word' id='word_1_118' title='bbox 572 1605 607 1647; x_wconf 83' lang='lat' dir='ltr'><strong>ex</strong></span> <span class='ocrx_word' id='word_1_119' title='bbox 623 1584 761 1664; x_wconf 86' lang='lat' dir='ltr'><strong>Euripide</strong></span> <span class='ocrx_word' id='word_1_120' title='bbox 784 1584 973 1661; x_wconf 78' lang='lat' dir='ltr'><strong>videmus⁸⁸).</strong></span> <span class='ocrx_word' id='word_1_121' title='bbox 1010 1585 1058 1646; x_wconf 89' lang='lat' dir='ltr'><strong>cui</strong></span> <span class='ocrx_word' id='word_1_122' title='bbox 1074 1585 1193 1648; x_wconf 89' lang='lat' dir='ltr'><strong>Strattis</strong></span> <span class='ocrx_word' id='word_1_123' title='bbox 1208 1585 1424 1666; x_wconf 82' lang='lat' dir='ltr'><strong>byaneintbum</strong></span> 
     </span>
     <span class='ocr_line' id='line_1_15' title="bbox 143 1683 1425 1766; baseline -0.002 -18"><span class='ocrx_word' id='word_1_124' title='bbox 143 1687 270 1748; x_wconf 90' lang='lat' dir='ltr'><strong>colorem</strong></span> <span class='ocrx_word' id='word_1_125' title='bbox 294 1685 435 1759; x_wconf 83' lang='lat' dir='ltr'><strong>addit⁰⁷):</strong></span> <span class='ocrx_word' id='word_1_126' title='bbox 467 1685 597 1766; x_wconf 91' lang='lat' dir='ltr'><strong>picturas</strong></span> <span class='ocrx_word' id='word_1_127' title='bbox 619 1684 709 1765; x_wconf 82' lang='lat' dir='ltr'><strong>igitur</strong></span> <span class='ocrx_word' id='word_1_128' title='bbox 730 1683 935 1766; x_wconf 77' lang='lat' dir='ltr'><strong>hyacinthinas</strong></span> <span class='ocrx_word' id='word_1_129' title='bbox 957 1683 988 1744; x_wconf 93' lang='lat' dir='ltr'><strong>in</strong></span> <span class='ocrx_word' id='word_1_130' title='bbox 1011 1695 1090 1746; x_wconf 85' lang='lat' dir='ltr'><strong>veste</strong></span> <span class='ocrx_word' id='word_1_131' title='bbox 1113 1703 1215 1746; x_wconf 87' lang='lat' dir='ltr'><strong>crocea</strong></span> <span class='ocrx_word' id='word_1_132' title='bbox 1237 1684 1330 1746; x_wconf 84' lang='lat' dir='ltr'><strong>luisse</strong></span> <span class='ocrx_word' id='word_1_133' title='bbox 1352 1703 1425 1764; x_wconf 79' lang='lat' dir='ltr'><strong>cog·</strong></span> 
     </span>
     <span class='ocr_line' id='line_1_16' title="bbox 143 1783 1425 1865; baseline -0.003 -17"><span class='ocrx_word' id='word_1_134' title='bbox 143 1784 351 1861; x_wconf 79' lang='lat' dir='ltr'><strong>noscimus⁸⁸).</strong></span> <span class='ocrx_word' id='word_1_135' title='bbox 396 1785 447 1847; x_wconf 92' lang='lat' dir='ltr'><strong>sed</strong></span> <span class='ocrx_word' id='word_1_136' title='bbox 470 1805 508 1846; x_wconf 89' lang='lat' dir='ltr'><strong>nc</strong></span> <span class='ocrx_word' id='word_1_137' title='bbox 529 1785 578 1846; x_wconf 94' lang='lat' dir='ltr'><strong>illo</strong></span> <span class='ocrx_word' id='word_1_138' title='bbox 600 1784 720 1863; x_wconf 92' lang='lat' dir='ltr'><strong>quidem</strong></span> <span class='ocrx_word' id='word_1_139' title='bbox 743 1794 876 1865; x_wconf 91' lang='lat' dir='ltr'><strong>tempore</strong></span> <span class='ocrx_word' id='word_1_140' title='bbox 898 1793 1014 1864; x_wconf 90' lang='lat' dir='ltr'><strong>praeter</strong></span> <span class='ocrx_word' id='word_1_141' title='bbox 1036 1784 1091 1846; x_wconf 92' lang='lat' dir='ltr'><strong>bos</strong></span> <span class='ocrx_word' id='word_1_142' title='bbox 1113 1785 1226 1846; x_wconf 88' lang='lat' dir='ltr'><strong>colores</strong></span> <span class='ocrx_word' id='word_1_143' title='bbox 1247 1783 1425 1865; x_wconf 87' lang='lat' dir='ltr'><strong>principales</strong></span> 
     </span>
     <span class='ocr_line' id='line_1_17' title="bbox 145 1883 1426 1964; baseline -0.002 -18"><span class='ocrx_word' id='word_1_144' title='bbox 145 1885 258 1946; x_wconf 89' lang='lat' dir='ltr'><strong>nullum</strong></span> <span class='ocrx_word' id='word_1_145' title='bbox 275 1883 305 1944; x_wconf 93' lang='lat' dir='ltr'><strong>in</strong></span> <span class='ocrx_word' id='word_1_146' title='bbox 323 1884 407 1964; x_wconf 90' lang='lat' dir='ltr'><strong>peplo</strong></span> <span class='ocrx_word' id='word_1_147' title='bbox 431 1884 522 1946; x_wconf 88' lang='lat' dir='ltr'><strong>luisse</strong></span> <span class='ocrx_word' id='word_1_148' title='bbox 544 1884 724 1944; x_wconf 89' lang='lat' dir='ltr'><strong>censendum</strong></span> <span class='ocrx_word' id='word_1_149' title='bbox 748 1892 806 1956; x_wconf 91' lang='lat' dir='ltr'><strong>est;</strong></span> <span class='ocrx_word' id='word_1_150' title='bbox 830 1901 898 1943; x_wconf 93' lang='lat' dir='ltr'><strong>nam</strong></span> <span class='ocrx_word' id='word_1_151' title='bbox 922 1892 951 1943; x_wconf 88' lang='lat' dir='ltr'><strong>et</strong></span> <span class='ocrx_word' id='word_1_152' title='bbox 973 1883 1056 1944; x_wconf 92' lang='lat' dir='ltr'><strong>albus</strong></span> <span class='ocrx_word' id='word_1_153' title='bbox 1079 1893 1109 1945; x_wconf 89' lang='lat' dir='ltr'><strong>et</strong></span> <span class='ocrx_word' id='word_1_154' title='bbox 1130 1883 1220 1945; x_wconf 89' lang='lat' dir='ltr'><strong>ruber</strong></span> <span class='ocrx_word' id='word_1_155' title='bbox 1241 1892 1323 1944; x_wconf 91' lang='lat' dir='ltr'><strong>certo</strong></span> <span class='ocrx_word' id='word_1_156' title='bbox 1338 1901 1426 1945; x_wconf 86' lang='lat' dir='ltr'><strong>acce·</strong></span> 
     </span>
     <span class='ocr_line' id='line_1_18' title="bbox 144 1980 1425 2063; baseline -0.001 -19"><span class='ocrx_word' id='word_1_157' title='bbox 144 1980 300 2057; x_wconf 65' lang='lat' dir='ltr'><strong>debanw)</strong></span> <span class='ocrx_word' id='word_1_158' title='bbox 333 1993 421 2063; x_wconf 90' lang='lat' dir='ltr'><strong>atque</strong></span> <span class='ocrx_word' id='word_1_159' title='bbox 453 2002 490 2044; x_wconf 88' lang='lat' dir='ltr'><strong>ne</strong></span> <span class='ocrx_word' id='word_1_160' title='bbox 521 1981 642 2043; x_wconf 88' lang='lat' dir='ltr'><strong>viridem</strong></span> <span class='ocrx_word' id='word_1_161' title='bbox 666 1981 786 2060; x_wconf 89' lang='lat' dir='ltr'><strong>quidem</strong></span> <span class='ocrx_word' id='word_1_162' title='bbox 810 1991 861 2042; x_wconf 89' lang='lat' dir='ltr'><strong>aut</strong></span> <span class='ocrx_word' id='word_1_163' title='bbox 882 1981 1011 2041; x_wconf 84' lang='lat' dir='ltr'><strong>cassium</strong></span> <span class='ocrx_word' id='word_1_164' title='bbox 1035 1983 1216 2062; x_wconf 88' lang='lat' dir='ltr'><strong>temporibus</strong></span> <span class='ocrx_word' id='word_1_165' title='bbox 1239 1982 1425 2062; x_wconf 75' lang='lat' dir='ltr'><strong>antiquis⁹⁰),</strong></span> 
     </span>
     <span class='ocr_line' id='line_1_19' title="bbox 144 2079 1426 2161; baseline 0 -18"><span class='ocrx_word' id='word_1_166' title='bbox 144 2100 181 2143; x_wconf 91' lang='lat' dir='ltr'><strong>ne</strong></span> <span class='ocrx_word' id='word_1_167' title='bbox 203 2099 307 2142; x_wconf 89' lang='lat' dir='ltr'><strong>aurum</strong></span> <span class='ocrx_word' id='word_1_168' title='bbox 332 2082 450 2160; x_wconf 90' lang='lat' dir='ltr'><strong>quidem</strong></span> <span class='ocrx_word' id='word_1_169' title='bbox 473 2081 686 2161; x_wconf 88' lang='lat' dir='ltr'><strong>posterioribus</strong></span> <span class='ocrx_word' id='word_1_170' title='bbox 709 2079 837 2142; x_wconf 79' lang='lat' dir='ltr'><strong>defuisse</strong></span> <span class='ocrx_word' id='word_1_171' title='bbox 859 2079 1015 2160; x_wconf 75' lang='lat' dir='ltr'><strong>putem⁹¹l⁸</strong></span> <span class='ocrx_word' id='word_1_172' title='bbox 1054 2081 1105 2142; x_wconf 90' lang='lat' dir='ltr'><strong>sed</strong></span> <span class='ocrx_word' id='word_1_173' title='bbox 1127 2082 1199 2142; x_wconf 87' lang='lat' dir='ltr'><strong>baec</strong></span> <span class='ocrx_word' id='word_1_174' title='bbox 1221 2081 1321 2143; x_wconf 93' lang='lat' dir='ltr'><strong>omnia</strong></span> <span class='ocrx_word' id='word_1_175' title='bbox 1336 2081 1426 2143; x_wconf 84' lang='lat' dir='ltr'><strong>testi-</strong></span> 
     </span>
     <span class='ocr_line' id='line_1_20' title="bbox 146 2179 978 2259; baseline -0.002 -17"><span class='ocrx_word' id='word_1_176' title='bbox 146 2179 253 2242; x_wconf 87' lang='lat' dir='ltr'><strong>moniis</strong></span> <span class='ocrx_word' id='word_1_177' title='bbox 276 2179 420 2241; x_wconf 89' lang='lat' dir='ltr'><strong>accuratis</strong></span> <span class='ocrx_word' id='word_1_178' title='bbox 443 2180 646 2241; x_wconf 79' lang='lat' dir='ltr'><strong>delinientibus</strong></span> <span class='ocrx_word' id='word_1_179' title='bbox 669 2198 773 2259; x_wconf 87' lang='lat' dir='ltr'><strong>parum</strong></span> <span class='ocrx_word' id='word_1_180' title='bbox 797 2189 875 2240; x_wconf 87' lang='lat' dir='ltr'><strong>certa</strong></span> <span class='ocrx_word' id='word_1_181' title='bbox 898 2188 978 2240; x_wconf 87' lang='lat' dir='ltr'><strong>sunt.</strong></span> 
     </span>
    </p>

    <p class='ocr_par' dir='ltr' id='par_1_4' title="bbox 247 2277 1427 2360">
     <span class='ocr_line' id='line_1_21' title="bbox 247 2277 1427 2360; baseline 0.002 -21"><span class='ocrx_word' id='word_1_182' title='bbox 247 2296 335 2357; x_wconf 90' lang='lat' dir='ltr'><strong>quem</strong></span> <span class='ocrx_word' id='word_1_183' title='bbox 358 2277 476 2360; x_wconf 90' lang='lat' dir='ltr'><strong>peplum</strong></span> <span class='ocrx_word' id='word_1_184' title='bbox 500 2278 665 2340; x_wconf 83' lang='lat' dir='ltr'><strong>laciendum</strong></span> <span class='ocrx_word' id='word_1_185' title='bbox 683 2278 860 2340; x_wconf 85' lang='lat' dir='ltr'><strong>atlrlotbetae</strong></span> <span class='ocrx_word' id='word_1_186' title='bbox 876 2277 1072 2360; x_wconf 73' lang='lat' dir='ltr'><strong>curabant⁹¹)‚</strong></span> <span class='ocrx_word' id='word_1_187' title='bbox 1095 2277 1259 2360; x_wconf 88' lang='lat' dir='ltr'><strong>probabant</strong></span> <span class='ocrx_word' id='word_1_188' title='bbox 1273 2287 1427 2341; x_wconf 86' lang='lat' dir='ltr'><strong>senatores</strong></span> 
     </span>
    </p>
   </div>
   <div class='ocr_carea' id='block_1_3' title="bbox 147 2451 1430 4219">
    <p class='ocr_par' dir='ltr' id='par_1_5' title="bbox 147 2451 1427 2597">
     <span class='ocr_line' id='line_1_22' title="bbox 147 2451 1427 2520; baseline -0.001 -16"><span class='ocrx_word' id='word_1_189' title='bbox 147 2469 168 2520; x_wconf 89' lang='lat' dir='ltr'><strong>p.</strong></span> <span class='ocrx_word' id='word_1_190' title='bbox 184 2453 281 2518; x_wconf 73' lang='lat' dir='ltr'><strong>lbbsq.</strong></span> <span class='ocrx_word' id='word_1_191' title='bbox 302 2453 393 2511; x_wconf 77' lang='lat' dir='ltr'><strong>notit</strong></span> <span class='ocrx_word' id='word_1_192' title='bbox 421 2460 480 2504; x_wconf 88' lang='lat' dir='ltr'><strong>ante</strong></span> <span class='ocrx_word' id='word_1_193' title='bbox 499 2451 567 2504; x_wconf 85' lang='lat' dir='ltr'><strong>lovis</strong></span> <span class='ocrx_word' id='word_1_194' title='bbox 595 2469 697 2503; x_wconf 86' lang='lat' dir='ltr'><strong>curram</strong></span> <span class='ocrx_word' id='word_1_195' title='bbox 716 2453 833 2504; x_wconf 86' lang='lat' dir='ltr'><strong>Minerva</strong></span> <span class='ocrx_word' id='word_1_196' title='bbox 853 2453 982 2519; x_wconf 88' lang='lat' dir='ltr'><strong>pedestris</strong></span> <span class='ocrx_word' id='word_1_197' title='bbox 1001 2459 1095 2519; x_wconf 77' lang='lat' dir='ltr'><strong>pugnat</strong></span> <span class='ocrx_word' id='word_1_198' title='bbox 1118 2453 1143 2503; x_wconf 87' lang='lat' dir='ltr'><strong>ia</strong></span> <span class='ocrx_word' id='word_1_199' title='bbox 1165 2453 1241 2520; x_wconf 71' lang='lat' dir='ltr'><strong>Brygi</strong></span> <span class='ocrx_word' id='word_1_200' title='bbox 1259 2459 1349 2519; x_wconf 88' lang='lat' dir='ltr'><strong>patara</strong></span> <span class='ocrx_word' id='word_1_201' title='bbox 1369 2452 1427 2504; x_wconf 85' lang='lat' dir='ltr'><strong>Cat.</strong></span> 
     </span>
     <span class='ocr_line' id='line_1_23' title="bbox 149 2533 846 2597; baseline -0.003 -11"><span class='ocrx_word' id='word_1_202' title='bbox 149 2535 217 2586; x_wconf 80' lang='lat' dir='ltr'><strong>dccl.</strong></span> <span class='ocrx_word' id='word_1_203' title='bbox 236 2534 311 2597; x_wconf 70' lang='lat'>2283,</span> <span class='ocrx_word' id='word_1_204' title='bbox 330 2533 445 2585; x_wconf 89' lang='lat' dir='ltr'><strong>Gerbard</strong></span> <span class='ocrx_word' id='word_1_205' title='bbox 464 2533 649 2586; x_wconf 79' lang='lat' dir='ltr'><strong>Trialscbalen</strong></span> <span class='ocrx_word' id='word_1_206' title='bbox 669 2534 721 2584; x_wconf 76' lang='lat' dir='ltr'><strong>tab,</strong></span> <span class='ocrx_word' id='word_1_207' title='bbox 741 2534 846 2585; x_wconf 82' lang='lat' dir='ltr'><strong>x-xl.</strong></span> 
     </span>
    </p>

    <p class='ocr_par' dir='ltr' id='par_1_6' title="bbox 148 2615 1428 2765">
     <span class='ocr_line' id='line_1_24' title="bbox 247 2615 1428 2684; baseline 0.002 -18"><span class='ocrx_word' id='word_1_208' title='bbox 247 2617 280 2683; x_wconf 76' lang='lat'><strong>⁸¹)</strong></span> <span class='ocrx_word' id='word_1_209' title='bbox 297 2616 445 2684; x_wconf 75' lang='lat' dir='ltr'><strong>llutbypbro</strong></span> <span class='ocrx_word' id='word_1_210' title='bbox 465 2615 497 2668; x_wconf 90' lang='lat' dir='ltr'><strong>Vl</strong></span> <span class='ocrx_word' id='word_1_211' title='bbox 517 2618 601 2684; x_wconf 84' lang='lat' dir='ltr'><strong>pbc.</strong></span> <span class='ocrx_word' id='word_1_212' title='bbox 629 2616 695 2667; x_wconf 88' lang='lat' dir='ltr'><strong>idem</strong></span> <span class='ocrx_word' id='word_1_213' title='bbox 721 2616 801 2666; x_wconf 88' lang='lat' dir='ltr'><strong>acbol.</strong></span> <span class='ocrx_word' id='word_1_214' title='bbox 821 2615 901 2666; x_wconf 78' lang='lat' dir='ltr'><strong>Arist.</strong></span> <span class='ocrx_word' id='word_1_215' title='bbox 921 2617 969 2666; x_wconf 77' lang='lat' dir='ltr'><strong>bv.</strong></span> <span class='ocrx_word' id='word_1_216' title='bbox 989 2616 1038 2667; x_wconf 78' lang='lat'><strong>826</strong></span> <span class='ocrx_word' id='word_1_217' title='bbox 1065 2617 1210 2681; x_wconf 79' lang='lat' dir='ltr'><strong>significare</strong></span> <span class='ocrx_word' id='word_1_218' title='bbox 1238 2615 1428 2668; x_wconf 69' lang='lat' dir='ltr'><strong>videtur-:716-</strong></span> 
     </span>
     <span class='ocr_line' id='line_1_25' title="bbox 148 2694 424 2765; baseline -0.007 -16"><span class='ocrx_word' id='word_1_219' title='bbox 148 2699 214 2755; x_wconf 76' lang='grc' dir='ltr'><strong><em>πλος</em></strong></span> <span class='ocrx_word' id='word_1_220' title='bbox 232 2694 424 2765; x_wconf 72' lang='grc' dir='ltr'><strong><em>παμποίκιλος.</em></strong></span> 
     </span>
    </p>

    <p class='ocr_par' dir='ltr' id='par_1_7' title="bbox 148 2775 1429 3007">
     <span class='ocr_line' id='line_1_26' title="bbox 247 2775 1427 2845; baseline 0 -15"><span class='ocrx_word' id='word_1_221' title='bbox 247 2780 278 2842; x_wconf 75' lang='lat'><strong>⁸²)</strong></span> <span class='ocrx_word' id='word_1_222' title='bbox 297 2780 393 2830; x_wconf 83' lang='lat' dir='ltr'><strong>saeculi</strong></span> <span class='ocrx_word' id='word_1_223' title='bbox 417 2779 484 2829; x_wconf 85' lang='lat' dir='ltr'><strong>aaati</strong></span> <span class='ocrx_word' id='word_1_224' title='bbox 507 2779 642 2845; x_wconf 86' lang='lat' dir='ltr'><strong>amphorae</strong></span> <span class='ocrx_word' id='word_1_225' title='bbox 662 2778 727 2829; x_wconf 85' lang='lat' dir='ltr'><strong>blaa.</strong></span> <span class='ocrx_word' id='word_1_226' title='bbox 748 2779 808 2829; x_wconf 93' lang='lat' dir='ltr'><strong>dell.</strong></span> <span class='ocrx_word' id='word_1_227' title='bbox 827 2777 911 2830; x_wconf 86' lang='lat' dir='ltr'><strong>instit.</strong></span> <span class='ocrx_word' id='word_1_228' title='bbox 929 2779 939 2830; x_wconf 94' lang='lat' dir='ltr'><strong>l</strong></span> <span class='ocrx_word' id='word_1_229' title='bbox 958 2781 1009 2830; x_wconf 79' lang='lat' dir='ltr'><strong>tab.</strong></span> <span class='ocrx_word' id='word_1_230' title='bbox 1028 2778 1099 2841; x_wconf 82' lang='lat' dir='ltr'><strong>XXl,</strong></span> <span class='ocrx_word' id='word_1_231' title='bbox 1122 2795 1183 2830; x_wconf 88' lang='lat' dir='ltr'><strong>mos.</strong></span> <span class='ocrx_word' id='word_1_232' title='bbox 1205 2777 1312 2839; x_wconf 76' lang='lat' dir='ltr'><strong>Gregor.</strong></span> <span class='ocrx_word' id='word_1_233' title='bbox 1331 2775 1353 2827; x_wconf 91' lang='lat' dir='ltr'><strong>ll</strong></span> <span class='ocrx_word' id='word_1_234' title='bbox 1372 2777 1427 2830; x_wconf 87' lang='lat' dir='ltr'><strong>tab.</strong></span> 
     </span>
     <span class='ocr_line' id='line_1_27' title="bbox 148 2857 1429 2926; baseline -0.001 -15"><span class='ocrx_word' id='word_1_235' title='bbox 148 2858 248 2912; x_wconf 73' lang='lat' dir='ltr'><strong>XXXV</strong></span> <span class='ocrx_word' id='word_1_236' title='bbox 270 2859 384 2911; x_wconf 79' lang='lat' dir='ltr'><strong>Gerlaard</strong></span> <span class='ocrx_word' id='word_1_237' title='bbox 404 2860 459 2910; x_wconf 74' lang='lat' dir='ltr'><strong>aar.</strong></span> <span class='ocrx_word' id='word_1_238' title='bbox 479 2876 501 2910; x_wconf 92' lang='lat' dir='ltr'><strong>u.</strong></span> <span class='ocrx_word' id='word_1_239' title='bbox 522 2858 609 2926; x_wconf 77' lang='lat' dir='ltr'><strong>liamp.</strong></span> <span class='ocrx_word' id='word_1_240' title='bbox 629 2860 675 2910; x_wconf 81' lang='lat' dir='ltr'><strong>Vb.</strong></span> <span class='ocrx_word' id='word_1_241' title='bbox 695 2859 779 2911; x_wconf 75' lang='lat' dir='ltr'><strong>labb</strong></span> <span class='ocrx_word' id='word_1_242' title='bbox 799 2867 825 2909; x_wconf 91' lang='lat' dir='ltr'><strong>et</strong></span> <span class='ocrx_word' id='word_1_243' title='bbox 843 2862 870 2921; x_wconf 85' lang='grc' dir='ltr'><strong>Β,</strong></span> <span class='ocrx_word' id='word_1_244' title='bbox 890 2862 944 2911; x_wconf 88' lang='lat' dir='ltr'><strong>Cat.</strong></span> <span class='ocrx_word' id='word_1_245' title='bbox 964 2862 1028 2911; x_wconf 74' lang='lat' dir='ltr'><strong>lteri.</strong></span> <span class='ocrx_word' id='word_1_246' title='bbox 1046 2862 1118 2925; x_wconf 71' lang='lat'>1701,</span> <span class='ocrx_word' id='word_1_247' title='bbox 1132 2859 1309 2923; x_wconf 77' lang='lat' dir='ltr'><strong>lsai-1833,</strong></span> <span class='ocrx_word' id='word_1_248' title='bbox 1328 2857 1429 2926; x_wconf 77' lang='lat' dir='ltr'><strong>llayat·</strong></span> 
     </span>
     <span class='ocr_line' id='line_1_28' title="bbox 150 2939 1366 3007; baseline -0.001 -16"><span class='ocrx_word' id='word_1_249' title='bbox 150 2943 284 3006; x_wconf 73' lang='lat' dir='ltr'><strong>Colllgoou</strong></span> <span class='ocrx_word' id='word_1_250' title='bbox 305 2945 344 3005; x_wconf 75' lang='lat' dir='ltr'><strong>lig.</strong></span> <span class='ocrx_word' id='word_1_251' title='bbox 364 2945 393 2994; x_wconf 82' lang='lat'><strong>61</strong></span> <span class='ocrx_word' id='word_1_252' title='bbox 416 2948 441 2992; x_wconf 85' lang='lat' dir='ltr'><strong>at</strong></span> <span class='ocrx_word' id='word_1_253' title='bbox 460 2943 500 2991; x_wconf 78' lang='lat'><strong>62.</strong></span> <span class='ocrx_word' id='word_1_254' title='bbox 537 2942 621 3007; x_wconf 89' lang='lat' dir='ltr'><strong>quarti</strong></span> <span class='ocrx_word' id='word_1_255' title='bbox 640 2941 737 2992; x_wconf 83' lang='lat' dir='ltr'><strong>sacculi</strong></span> <span class='ocrx_word' id='word_1_256' title='bbox 757 2940 824 2992; x_wconf 87' lang='lat' dir='ltr'><strong>Mon.</strong></span> <span class='ocrx_word' id='word_1_257' title='bbox 840 2941 871 2994; x_wconf 88' lang='lat' dir='ltr'><strong>Vl</strong></span> <span class='ocrx_word' id='word_1_258' title='bbox 890 2942 941 2992; x_wconf 91' lang='lat' dir='ltr'><strong>tab.</strong></span> <span class='ocrx_word' id='word_1_259' title='bbox 961 2941 1012 3005; x_wconf 83' lang='lat' dir='ltr'><strong>xl;</strong></span> <span class='ocrx_word' id='word_1_260' title='bbox 1030 2942 1055 2992; x_wconf 91' lang='lat' dir='ltr'>X</span> <span class='ocrx_word' id='word_1_261' title='bbox 1075 2943 1124 2992; x_wconf 90' lang='lat' dir='ltr'><strong>tab.</strong></span> <span class='ocrx_word' id='word_1_262' title='bbox 1145 2939 1330 2994; x_wconf 78' lang='lat' dir='ltr'><strong>xnvss-vltl</strong></span> <span class='ocrx_word' id='word_1_263' title='bbox 1343 2941 1366 2990; x_wconf 91' lang='lat' dir='ltr'><strong>d.</strong></span> 
     </span>
    </p>

    <p class='ocr_par' dir='ltr' id='par_1_8' title="bbox 254 3021 1073 3090">
     <span class='ocr_line' id='line_1_29' title="bbox 254 3021 1073 3090; baseline -0.001 -16"><span class='ocrx_word' id='word_1_264' title='bbox 254 3026 288 3088; x_wconf 60' lang='grc' dir='ltr'><strong>ι4)</strong></span> <span class='ocrx_word' id='word_1_265' title='bbox 306 3021 600 3074; x_wconf 74' lang='lat' dir='ltr'><strong>Friedcricbs-Wolters</strong></span> <span class='ocrx_word' id='word_1_266' title='bbox 619 3023 678 3084; x_wconf 88' lang='grc'><strong>444,</strong></span> <span class='ocrx_word' id='word_1_267' title='bbox 697 3023 786 3074; x_wconf 86' lang='lat' dir='ltr'><strong>Clarae</strong></span> <span class='ocrx_word' id='word_1_268' title='bbox 805 3022 836 3073; x_wconf 86' lang='lat' dir='ltr'><strong>lll</strong></span> <span class='ocrx_word' id='word_1_269' title='bbox 856 3023 906 3074; x_wconf 87' lang='lat' dir='ltr'><strong>tab.</strong></span> <span class='ocrx_word' id='word_1_270' title='bbox 925 3024 974 3074; x_wconf 84' lang='grc'><strong>460</strong></span> <span class='ocrx_word' id='word_1_271' title='bbox 993 3023 1073 3090; x_wconf 83' lang='grc'>(855).</span> 
     </span>
    </p>

    <p class='ocr_par' dir='ltr' id='par_1_9' title="bbox 250 3102 820 3168">
     <span class='ocr_line' id='line_1_30' title="bbox 250 3102 820 3168; baseline -0.002 -12"><span class='ocrx_word' id='word_1_272' title='bbox 250 3105 283 3168; x_wconf 72' lang='lat'><strong>⁶⁴)</strong></span> <span class='ocrx_word' id='word_1_273' title='bbox 303 3104 368 3156; x_wconf 85' lang='lat' dir='ltr'><strong>Mon.</strong></span> <span class='ocrx_word' id='word_1_274' title='bbox 389 3102 414 3153; x_wconf 80' lang='grc' dir='ltr'><strong>Χ</strong></span> <span class='ocrx_word' id='word_1_275' title='bbox 433 3105 483 3155; x_wconf 88' lang='lat' dir='ltr'><strong>tab.</strong></span> <span class='ocrx_word' id='word_1_276' title='bbox 497 3103 600 3154; x_wconf 80' lang='lat' dir='ltr'><strong>xcvtll</strong></span> <span class='ocrx_word' id='word_1_277' title='bbox 615 3121 636 3166; x_wconf 90' lang='lat' dir='ltr'><strong>e,</strong></span> <span class='ocrx_word' id='word_1_278' title='bbox 655 3103 688 3155; x_wconf 80' lang='lat' dir='ltr'><strong>ci.</strong></span> <span class='ocrx_word' id='word_1_279' title='bbox 709 3111 759 3155; x_wconf 88' lang='lat' dir='ltr'><strong>not.</strong></span> <span class='ocrx_word' id='word_1_280' title='bbox 780 3105 820 3155; x_wconf 79' lang='lat'><strong>80.</strong></span> 
     </span>
    </p>

    <p class='ocr_par' dir='ltr' id='par_1_10' title="bbox 150 3177 1428 3333">
     <span class='ocr_line' id='line_1_31' title="bbox 250 3177 1428 3252; baseline 0.004 -16"><span class='ocrx_word' id='word_1_281' title='bbox 250 3186 282 3249; x_wconf 78' lang='lat'><strong>⁸⁶)</strong></span> <span class='ocrx_word' id='word_1_282' title='bbox 301 3202 341 3250; x_wconf 79' lang='lat' dir='ltr'><strong>oo,</strong></span> <span class='ocrx_word' id='word_1_283' title='bbox 359 3186 423 3251; x_wconf 91' lang='lat' dir='ltr'><strong>qood</strong></span> <span class='ocrx_word' id='word_1_284' title='bbox 443 3186 508 3236; x_wconf 85' lang='lat' dir='ltr'><strong>talos</strong></span> <span class='ocrx_word' id='word_1_285' title='bbox 527 3193 613 3236; x_wconf 85' lang='lat' dir='ltr'><strong>vestas</strong></span> <span class='ocrx_word' id='word_1_286' title='bbox 632 3186 775 3236; x_wconf 80' lang='lat' dir='ltr'><strong>extiterunt</strong></span> <span class='ocrx_word' id='word_1_287' title='bbox 793 3185 845 3252; x_wconf 74' lang='grc' dir='ltr'><strong>(ἐφ.</strong></span> <span class='ocrx_word' id='word_1_288' title='bbox 858 3177 921 3252; x_wconf 61' lang='lat' dir='ltr'><strong>cipp.</strong></span> <span class='ocrx_word' id='word_1_289' title='bbox 938 3185 1001 3236; x_wconf 77' lang='grc'><strong>1853</strong></span> <span class='ocrx_word' id='word_1_290' title='bbox 1023 3188 1076 3237; x_wconf 91' lang='lat' dir='ltr'><strong>tab.</strong></span> <span class='ocrx_word' id='word_1_291' title='bbox 1090 3187 1114 3250; x_wconf 88' lang='lat'><strong>3,</strong></span> <span class='ocrx_word' id='word_1_292' title='bbox 1128 3187 1221 3237; x_wconf 80' lang='lat' dir='ltr'><strong>Antike</strong></span> <span class='ocrx_word' id='word_1_293' title='bbox 1235 3185 1428 3241; x_wconf 77' lang='lat' dir='ltr'><strong>Decimaelerl</strong></span> 
     </span>
     <span class='ocr_line' id='line_1_32' title="bbox 150 3265 1308 3333; baseline 0.002 -14"><span class='ocrx_word' id='word_1_294' title='bbox 150 3267 201 3320; x_wconf 88' lang='lat' dir='ltr'><strong>tab.</strong></span> <span class='ocrx_word' id='word_1_295' title='bbox 221 3267 263 3332; x_wconf 79' lang='lat'><strong>22,</strong></span> <span class='ocrx_word' id='word_1_296' title='bbox 281 3268 367 3318; x_wconf 85' lang='lat' dir='ltr'><strong>labrb.</strong></span> <span class='ocrx_word' id='word_1_297' title='bbox 388 3268 410 3316; x_wconf 91' lang='lat' dir='ltr'><strong>d.</strong></span> <span class='ocrx_word' id='word_1_298' title='bbox 430 3266 499 3318; x_wconf 87' lang='lat' dir='ltr'><strong>areb.</strong></span> <span class='ocrx_word' id='word_1_299' title='bbox 517 3265 577 3318; x_wconf 86' lang='lat' dir='ltr'><strong>last.</strong></span> <span class='ocrx_word' id='word_1_300' title='bbox 598 3266 652 3321; x_wconf 92' lang='lat' dir='ltr'><strong>Vlll</strong></span> <span class='ocrx_word' id='word_1_301' title='bbox 672 3267 770 3332; x_wconf 82' lang='lat' dir='ltr'><strong>tabl),</strong></span> <span class='ocrx_word' id='word_1_302' title='bbox 791 3275 891 3319; x_wconf 87' lang='lat' dir='ltr'><strong>statuae</strong></span> <span class='ocrx_word' id='word_1_303' title='bbox 910 3267 972 3319; x_wconf 85' lang='lat' dir='ltr'><strong>fldaa</strong></span> <span class='ocrx_word' id='word_1_304' title='bbox 990 3269 1072 3320; x_wconf 90' lang='lat' dir='ltr'><strong>maior</strong></span> <span class='ocrx_word' id='word_1_305' title='bbox 1093 3284 1141 3319; x_wconf 92' lang='lat' dir='ltr'><strong>non</strong></span> <span class='ocrx_word' id='word_1_306' title='bbox 1161 3269 1308 3333; x_wconf 77' lang='lat' dir='ltr'><strong>adrogatur.</strong></span> 
     </span>
    </p>

    <p class='ocr_par' dir='ltr' id='par_1_11' title="bbox 248 3349 494 3416">
     <span class='ocr_line' id='line_1_33' title="bbox 248 3349 494 3416; baseline 0.004 -17"><span class='ocrx_word' id='word_1_307' title='bbox 248 3349 281 3411; x_wconf 60' lang='grc' dir='ltr'><strong>ω)</strong></span> <span class='ocrx_word' id='word_1_308' title='bbox 301 3349 359 3400; x_wconf 86' lang='lat' dir='ltr'><strong>llee.</strong></span> <span class='ocrx_word' id='word_1_309' title='bbox 378 3349 429 3401; x_wconf 82' lang='grc'><strong>466</strong></span> <span class='ocrx_word' id='word_1_310' title='bbox 441 3365 494 3416; x_wconf 85' lang='lat' dir='ltr'><strong>sqq.</strong></span> 
     </span>
    </p>

    <p class='ocr_par' dir='ltr' id='par_1_12' title="bbox 249 3430 534 3494">
     <span class='ocr_line' id='line_1_34' title="bbox 249 3430 534 3494; baseline 0 -12"><span class='ocrx_word' id='word_1_311' title='bbox 249 3431 280 3494; x_wconf 66' lang='grc' dir='ltr'><strong>εΗ)</strong></span> <span class='ocrx_word' id='word_1_312' title='bbox 299 3431 378 3482; x_wconf 80' lang='lat' dir='ltr'><strong>schol.</strong></span> <span class='ocrx_word' id='word_1_313' title='bbox 399 3430 457 3482; x_wconf 89' lang='lat' dir='ltr'><strong>llec.</strong></span> <span class='ocrx_word' id='word_1_314' title='bbox 475 3431 534 3482; x_wconf 83' lang='grc'><strong>468,</strong></span> 
     </span>
    </p>

    <p class='ocr_par' dir='ltr' id='par_1_13' title="bbox 249 3512 690 3581">
     <span class='ocr_line' id='line_1_35' title="bbox 249 3512 690 3581; baseline 0.002 -17"><span class='ocrx_word' id='word_1_315' title='bbox 249 3513 281 3580; x_wconf 80' lang='lat'><strong>⁸⁸)</strong></span> <span class='ocrx_word' id='word_1_316' title='bbox 299 3513 332 3564; x_wconf 83' lang='lat' dir='ltr'><strong>cl.</strong></span> <span class='ocrx_word' id='word_1_317' title='bbox 350 3512 505 3564; x_wconf 83' lang='lat' dir='ltr'><strong>Studniczla</strong></span> <span class='ocrx_word' id='word_1_318' title='bbox 524 3514 576 3564; x_wconf 84' lang='grc' dir='ltr'><strong><em>1.ο.</em></strong></span> <span class='ocrx_word' id='word_1_319' title='bbox 596 3530 619 3581; x_wconf 93' lang='lat' dir='ltr'><strong>p.</strong></span> <span class='ocrx_word' id='word_1_320' title='bbox 634 3513 690 3565; x_wconf 81' lang='lat'><strong>138.</strong></span> 
     </span>
    </p>

    <p class='ocr_par' dir='ltr' id='par_1_14' title="bbox 149 3595 1430 3987">
     <span class='ocr_line' id='line_1_36' title="bbox 249 3595 1428 3662; baseline 0.003 -17"><span class='ocrx_word' id='word_1_321' title='bbox 249 3595 282 3659; x_wconf 72' lang='lat'><strong>⁸⁹)</strong></span> <span class='ocrx_word' id='word_1_322' title='bbox 300 3596 340 3645; x_wconf 84' lang='lat' dir='ltr'><strong>bia</strong></span> <span class='ocrx_word' id='word_1_323' title='bbox 360 3597 403 3646; x_wconf 84' lang='lat' dir='ltr'><strong>vel</strong></span> <span class='ocrx_word' id='word_1_324' title='bbox 422 3596 523 3646; x_wconf 84' lang='lat' dir='ltr'><strong>saeculo</strong></span> <span class='ocrx_word' id='word_1_325' title='bbox 543 3596 650 3662; x_wconf 83' lang='lat' dir='ltr'><strong>septimo</strong></span> <span class='ocrx_word' id='word_1_326' title='bbox 670 3595 742 3661; x_wconf 74' lang='lat' dir='ltr'><strong>figuli</strong></span> <span class='ocrx_word' id='word_1_327' title='bbox 760 3595 790 3646; x_wconf 88' lang='lat' dir='ltr'><strong>ad</strong></span> <span class='ocrx_word' id='word_1_328' title='bbox 810 3596 903 3660; x_wconf 74' lang='lat' dir='ltr'><strong>liguros</strong></span> <span class='ocrx_word' id='word_1_329' title='bbox 921 3595 1095 3646; x_wconf 84' lang='lat' dir='ltr'><strong>articulaadas</strong></span> <span class='ocrx_word' id='word_1_330' title='bbox 1114 3597 1258 3647; x_wconf 81' lang='lat' dir='ltr'><strong>utebantur.</strong></span> <span class='ocrx_word' id='word_1_331' title='bbox 1289 3602 1428 3662; x_wconf 82' lang='lat' dir='ltr'><strong>praeterea</strong></span> 
     </span>
     <span class='ocr_line' id='line_1_37' title="bbox 151 3677 1428 3744; baseline 0.002 -18"><span class='ocrx_word' id='word_1_332' title='bbox 151 3677 263 3743; x_wconf 83' lang='lat' dir='ltr'><strong>pictores</strong></span> <span class='ocrx_word' id='word_1_333' title='bbox 283 3684 326 3726; x_wconf 89' lang='lat' dir='ltr'><strong>ant</strong></span> <span class='ocrx_word' id='word_1_334' title='bbox 345 3692 394 3726; x_wconf 92' lang='lat' dir='ltr'><strong>uno</strong></span> <span class='ocrx_word' id='word_1_335' title='bbox 412 3684 457 3726; x_wconf 86' lang='lat' dir='ltr'><strong>aut</strong></span> <span class='ocrx_word' id='word_1_336' title='bbox 484 3677 613 3742; x_wconf 85' lang='lat' dir='ltr'><strong>pluribus,</strong></span> <span class='ocrx_word' id='word_1_337' title='bbox 642 3694 772 3744; x_wconf 82' lang='lat' dir='ltr'><strong>numquam</strong></span> <span class='ocrx_word' id='word_1_338' title='bbox 800 3680 896 3729; x_wconf 86' lang='lat' dir='ltr'><strong>duobus</strong></span> <span class='ocrx_word' id='word_1_339' title='bbox 924 3678 1055 3729; x_wconf 88' lang='lat' dir='ltr'><strong>coloribus</strong></span> <span class='ocrx_word' id='word_1_340' title='bbox 1083 3677 1336 3744; x_wconf 82' lang='lat' dir='ltr'><strong>complementaribus</strong></span> <span class='ocrx_word' id='word_1_341' title='bbox 1364 3693 1428 3743; x_wconf 85' lang='lat' dir='ltr'><strong>quoa</strong></span> 
     </span>
     <span class='ocr_line' id='line_1_38' title="bbox 149 3758 1430 3827; baseline 0.002 -20"><span class='ocrx_word' id='word_1_342' title='bbox 149 3773 268 3809; x_wconf 80' lang='lat' dir='ltr'><strong>vocamus</strong></span> <span class='ocrx_word' id='word_1_343' title='bbox 287 3758 330 3808; x_wconf 89' lang='lat' dir='ltr'><strong>illo</strong></span> <span class='ocrx_word' id='word_1_344' title='bbox 349 3764 462 3822; x_wconf 82' lang='lat' dir='ltr'><strong>temporo</strong></span> <span class='ocrx_word' id='word_1_345' title='bbox 481 3774 541 3808; x_wconf 88' lang='lat' dir='ltr'><strong>usos</strong></span> <span class='ocrx_word' id='word_1_346' title='bbox 561 3774 616 3809; x_wconf 88' lang='lat' dir='ltr'><strong>csso</strong></span> <span class='ocrx_word' id='word_1_347' title='bbox 636 3775 649 3811; x_wconf 89' lang='lat' dir='ltr'><strong>a</strong></span> <span class='ocrx_word' id='word_1_348' title='bbox 667 3760 778 3827; x_wconf 76' lang='lat' dir='ltr'><strong>lecythis</strong></span> <span class='ocrx_word' id='word_1_349' title='bbox 797 3767 912 3826; x_wconf 87' lang='lat' dir='ltr'><strong>apparet.</strong></span> <span class='ocrx_word' id='word_1_350' title='bbox 957 3760 1030 3810; x_wconf 84' lang='lat' dir='ltr'><strong>volut</strong></span> <span class='ocrx_word' id='word_1_351' title='bbox 1056 3758 1123 3810; x_wconf 86' lang='lat' dir='ltr'><strong>lovis</strong></span> <span class='ocrx_word' id='word_1_352' title='bbox 1150 3758 1242 3810; x_wconf 81' lang='lat' dir='ltr'><strong>fulmen</strong></span> <span class='ocrx_word' id='word_1_353' title='bbox 1270 3758 1344 3819; x_wconf 81' lang='lat' dir='ltr'><strong>(Eur.</strong></span> <span class='ocrx_word' id='word_1_354' title='bbox 1362 3758 1381 3809; x_wconf 90' lang='lat' dir='ltr'><strong>l.</strong></span> <span class='ocrx_word' id='word_1_355' title='bbox 1393 3763 1430 3824; x_wconf 87' lang='grc' dir='ltr'><strong>ο.)</strong></span> 
     </span>
     <span class='ocr_line' id='line_1_39' title="bbox 151 3840 1429 3906; baseline 0.002 -16"><span class='ocrx_word' id='word_1_356' title='bbox 151 3841 253 3891; x_wconf 85' lang='lat' dir='ltr'><strong>rubrum</strong></span> <span class='ocrx_word' id='word_1_357' title='bbox 273 3840 352 3890; x_wconf 84' lang='lat' dir='ltr'><strong>lulsaa</strong></span> <span class='ocrx_word' id='word_1_358' title='bbox 371 3840 514 3890; x_wconf 83' lang='lat' dir='ltr'><strong>verisimile</strong></span> <span class='ocrx_word' id='word_1_359' title='bbox 532 3847 579 3891; x_wconf 85' lang='lat' dir='ltr'><strong>est.</strong></span> <span class='ocrx_word' id='word_1_360' title='bbox 611 3842 673 3892; x_wconf 84' lang='lat' dir='ltr'><strong>idem</strong></span> <span class='ocrx_word' id='word_1_361' title='bbox 694 3840 803 3892; x_wconf 78' lang='lat' dir='ltr'><strong>fortasse</strong></span> <span class='ocrx_word' id='word_1_362' title='bbox 823 3857 836 3892; x_wconf 87' lang='lat' dir='ltr'><strong>c</strong></span> <span class='ocrx_word' id='word_1_363' title='bbox 855 3842 923 3892; x_wconf 84' lang='lat' dir='ltr'><strong>Ciris</strong></span> <span class='ocrx_word' id='word_1_364' title='bbox 942 3858 1018 3892; x_wconf 86' lang='lat' dir='ltr'><strong>cocco</strong></span> <span class='ocrx_word' id='word_1_365' title='bbox 1036 3846 1070 3895; x_wconf 84' lang='lat' dir='ltr'><strong>tv.</strong></span> <span class='ocrx_word' id='word_1_366' title='bbox 1086 3841 1126 3892; x_wconf 82' lang='grc'><strong>31.</strong></span> <span class='ocrx_word' id='word_1_367' title='bbox 1140 3840 1265 3906; x_wconf 89' lang='lat' dir='ltr'><strong>probabili</strong></span> <span class='ocrx_word' id='word_1_368' title='bbox 1279 3840 1429 3892; x_wconf 85' lang='lat' dir='ltr'><strong>coniectura</strong></span> 
     </span>
     <span class='ocr_line' id='line_1_40' title="bbox 151 3920 1257 3987; baseline -0.001 -14"><span class='ocrx_word' id='word_1_369' title='bbox 151 3924 286 3985; x_wconf 80' lang='lat' dir='ltr'><strong>restituto)</strong></span> <span class='ocrx_word' id='word_1_370' title='bbox 304 3920 393 3984; x_wconf 74' lang='lat' dir='ltr'><strong>colligi</strong></span> <span class='ocrx_word' id='word_1_371' title='bbox 412 3929 505 3987; x_wconf 82' lang='lat' dir='ltr'><strong>potest,</strong></span> <span class='ocrx_word' id='word_1_372' title='bbox 525 3924 546 3973; x_wconf 89' lang='lat' dir='ltr'><strong>si</strong></span> <span class='ocrx_word' id='word_1_373' title='bbox 566 3924 637 3974; x_wconf 89' lang='lat' dir='ltr'><strong>modo</strong></span> <span class='ocrx_word' id='word_1_374' title='bbox 656 3938 756 3974; x_wconf 87' lang='lat' dir='ltr'><strong>carmen</strong></span> <span class='ocrx_word' id='word_1_375' title='bbox 776 3921 911 3974; x_wconf 86' lang='lat' dir='ltr'><strong>llomaoam</strong></span> <span class='ocrx_word' id='word_1_376' title='bbox 931 3931 1001 3974; x_wconf 87' lang='lat' dir='ltr'><strong>tanta</strong></span> <span class='ocrx_word' id='word_1_377' title='bbox 1022 3922 1069 3972; x_wconf 88' lang='lat' dir='ltr'><strong>lide</strong></span> <span class='ocrx_word' id='word_1_378' title='bbox 1089 3922 1190 3984; x_wconf 72' lang='lat' dir='ltr'><strong>dignum</strong></span> <span class='ocrx_word' id='word_1_379' title='bbox 1208 3929 1257 3972; x_wconf 83' lang='lat' dir='ltr'><strong>est.</strong></span> 
     </span>
    </p>

    <p class='ocr_par' dir='ltr' id='par_1_15' title="bbox 152 4003 1430 4219">
     <span class='ocr_line' id='line_1_41' title="bbox 251 4003 1430 4072; baseline 0.002 -19"><span class='ocrx_word' id='word_1_380' title='bbox 251 4005 283 4066; x_wconf 80' lang='lat'><strong>⁰⁰)</strong></span> <span class='ocrx_word' id='word_1_381' title='bbox 302 4003 335 4054; x_wconf 86' lang='lat' dir='ltr'><strong>cl.</strong></span> <span class='ocrx_word' id='word_1_382' title='bbox 354 4004 482 4067; x_wconf 77' lang='lat' dir='ltr'><strong>virginum</strong></span> <span class='ocrx_word' id='word_1_383' title='bbox 507 4012 606 4056; x_wconf 86' lang='lat' dir='ltr'><strong>statuas</strong></span> <span class='ocrx_word' id='word_1_384' title='bbox 630 4006 656 4056; x_wconf 89' lang='lat' dir='ltr'><strong>in</strong></span> <span class='ocrx_word' id='word_1_385' title='bbox 679 4021 739 4056; x_wconf 87' lang='lat' dir='ltr'><strong>arce</strong></span> <span class='ocrx_word' id='word_1_386' title='bbox 763 4013 850 4056; x_wconf 88' lang='lat' dir='ltr'><strong>erutas</strong></span> <span class='ocrx_word' id='word_1_387' title='bbox 874 4013 899 4057; x_wconf 86' lang='lat' dir='ltr'><strong>et</strong></span> <span class='ocrx_word' id='word_1_388' title='bbox 925 4006 1083 4072; x_wconf 87' lang='lat' dir='ltr'><strong>praeclarum</strong></span> <span class='ocrx_word' id='word_1_389' title='bbox 1106 4010 1182 4069; x_wconf 87' lang='lat' dir='ltr'><strong>caput</strong></span> <span class='ocrx_word' id='word_1_390' title='bbox 1207 4003 1300 4068; x_wconf 84' lang='lat' dir='ltr'><strong>virile,</strong></span> <span class='ocrx_word' id='word_1_391' title='bbox 1325 4003 1391 4070; x_wconf 91' lang='lat' dir='ltr'><strong>quod</strong></span> <span class='ocrx_word' id='word_1_392' title='bbox 1413 4019 1430 4055; x_wconf 83' lang='lat' dir='ltr'><strong>a</strong></span> 
     </span>
     <span class='ocr_line' id='line_1_42' title="bbox 152 4083 1429 4154; baseline 0.001 -20"><span class='ocrx_word' id='word_1_393' title='bbox 152 4083 228 4135; x_wconf 84' lang='lat' dir='ltr'><strong>barba</strong></span> <span class='ocrx_word' id='word_1_394' title='bbox 252 4087 370 4137; x_wconf 79' lang='lat' dir='ltr'><strong>caerulea</strong></span> <span class='ocrx_word' id='word_1_395' title='bbox 394 4101 481 4137; x_wconf 77' lang='lat' dir='ltr'><strong>nomen</strong></span> <span class='ocrx_word' id='word_1_396' title='bbox 510 4087 591 4138; x_wconf 80' lang='lat' dir='ltr'><strong>duait.</strong></span> <span class='ocrx_word' id='word_1_397' title='bbox 633 4087 704 4138; x_wconf 88' lang='lat' dir='ltr'><strong>calos</strong></span> <span class='ocrx_word' id='word_1_398' title='bbox 728 4088 840 4154; x_wconf 88' lang='lat' dir='ltr'><strong>pupillae</strong></span> <span class='ocrx_word' id='word_1_399' title='bbox 863 4089 936 4153; x_wconf 85' lang='lat' dir='ltr'><strong>(quas</strong></span> <span class='ocrx_word' id='word_1_400' title='bbox 960 4088 1039 4138; x_wconf 88' lang='lat' dir='ltr'><strong>irides</strong></span> <span class='ocrx_word' id='word_1_401' title='bbox 1064 4102 1109 4136; x_wconf 87' lang='lat' dir='ltr'><strong>nos</strong></span> <span class='ocrx_word' id='word_1_402' title='bbox 1133 4084 1233 4151; x_wconf 88' lang='lat' dir='ltr'><strong>quidem</strong></span> <span class='ocrx_word' id='word_1_403' title='bbox 1261 4085 1429 4153; x_wconf 84' lang='lat' dir='ltr'><strong>appellamus)</strong></span> 
     </span>
     <span class='ocr_line' id='line_1_43' title="bbox 152 4167 335 4219; baseline 0.022 -4"><span class='ocrx_word' id='word_1_404' title='bbox 152 4167 251 4217; x_wconf 79' lang='lat' dir='ltr'><strong>vlrltlra</strong></span> <span class='ocrx_word' id='word_1_405' title='bbox 269 4176 335 4219; x_wconf 85' lang='lat' dir='ltr'><strong>aurat.</strong></span> 
     </span>
    </p>
   </div>
   <div class='ocr_carea' id='block_1_4' title="bbox 151 4248 1430 4483">
    <p class='ocr_par' dir='ltr' id='par_1_16' title="bbox 151 4248 1430 4483">
     <span class='ocr_line' id='line_1_44' title="bbox 251 4248 1430 4318; baseline -0.001 -19"><span class='ocrx_word' id='word_1_406' title='bbox 251 4249 284 4313; x_wconf 78' lang='lat'><strong>⁹¹)</strong></span> <span class='ocrx_word' id='word_1_407' title='bbox 302 4252 365 4317; x_wconf 90' lang='lat' dir='ltr'><strong>quod</strong></span> <span class='ocrx_word' id='word_1_408' title='bbox 391 4268 435 4318; x_wconf 84' lang='lat' dir='ltr'><strong>por</strong></span> <span class='ocrx_word' id='word_1_409' title='bbox 458 4267 485 4301; x_wconf 87' lang='lat' dir='ltr'><strong>so</strong></span> <span class='ocrx_word' id='word_1_410' title='bbox 509 4252 564 4302; x_wconf 73' lang='lat' dir='ltr'><strong>carl</strong></span> <span class='ocrx_word' id='word_1_411' title='bbox 591 4249 675 4302; x_wconf 86' lang='lat' dir='ltr'><strong>simile</strong></span> <span class='ocrx_word' id='word_1_412' title='bbox 699 4248 810 4301; x_wconf 86' lang='lat' dir='ltr'><strong>lortassa</strong></span> <span class='ocrx_word' id='word_1_413' title='bbox 834 4251 859 4301; x_wconf 88' lang='lat' dir='ltr'><strong>ia</strong></span> <span class='ocrx_word' id='word_1_414' title='bbox 883 4249 952 4302; x_wconf 87' lang='lat' dir='ltr'><strong>Ciris</strong></span> <span class='ocrx_word' id='word_1_415' title='bbox 976 4265 1053 4303; x_wconf 86' lang='lat' dir='ltr'><strong>versu</strong></span> <span class='ocrx_word' id='word_1_416' title='bbox 1072 4250 1113 4302; x_wconf 83' lang='lat'><strong>³2.</strong></span> <span class='ocrx_word' id='word_1_417' title='bbox 1135 4250 1184 4301; x_wconf 88' lang='lat' dir='ltr'><strong>alti</strong></span> <span class='ocrx_word' id='word_1_418' title='bbox 1209 4255 1305 4317; x_wconf 86' lang='lat' dir='ltr'><strong>potest:</strong></span> <span class='ocrx_word' id='word_1_419' title='bbox 1331 4251 1430 4299; x_wconf 68' lang='lat' dir='ltr'><strong>amata</strong></span> 
     </span>
     <span class='ocr_line' id='line_1_45' title="bbox 151 4326 511 4403; baseline 0.011 -22"><span class='ocrx_word' id='word_1_420' title='bbox 151 4326 262 4383; x_wconf 75' lang='lat' dir='ltr'><strong>dedoctus</strong></span> <span class='ocrx_word' id='word_1_421' title='bbox 279 4332 381 4402; x_wconf 75' lang='lat' dir='ltr'><strong>cuspide</strong></span> <span class='ocrx_word' id='word_1_422' title='bbox 402 4331 511 4403; x_wconf 68' lang='lat' dir='ltr'><strong>lpqrbcn.</strong></span> 
     </span>
     <span class='ocr_line' id='line_1_46' title="bbox 252 4411 646 4483; baseline -0.003 -17"><span class='ocrx_word' id='word_1_423' title='bbox 252 4413 283 4479; x_wconf 80' lang='lat'><strong>⁹¹)</strong></span> <span class='ocrx_word' id='word_1_424' title='bbox 303 4414 383 4468; x_wconf 71' lang='lat' dir='ltr'><strong>balat.</strong></span> <span class='ocrx_word' id='word_1_425' title='bbox 397 4411 453 4468; x_wconf 75' lang='grc' dir='ltr'><strong>Ἀθ.</strong></span> <span class='ocrx_word' id='word_1_426' title='bbox 472 4415 533 4468; x_wconf 78' lang='grc' dir='ltr'><strong><em>πολ.</em></strong></span> <span class='ocrx_word' id='word_1_427' title='bbox 553 4411 608 4483; x_wconf 78' lang='lat' dir='ltr'><strong>LX,</strong></span> <span class='ocrx_word' id='word_1_428' title='bbox 622 4413 646 4466; x_wconf 92' lang='lat' dir='ltr'><strong>l.</strong></span> 
     </span>
    </p>
   </div>
   <div class='ocr_carea' id='block_1_5' title="bbox 0 0 1585 5056">
    <p class='ocr_par' dir='ltr' id='par_1_17' title="bbox 0 0 1585 5056">
     <span class='ocr_line' id='line_1_47' title="bbox 0 0 1585 5056; baseline 0 0"><span class='ocrx_word' id='word_1_429' title='bbox 0 0 1585 5056; x_wconf 95' lang='lat' dir='ltr'><strong> </strong></span> 
     </span>
    </p>
   </div>
  </div>
 </body>
</html>
