3126 5056
714 277 933 341 -56-

184 459 219 523 ἐκ
241 460 297 542 τῆς
321 455 510 539 πενιαπλῆς
532 453 707 537 λεγομένης
730 449 861 536 φιάλης,
886 448 904 536 ἢ
927 453 1142 533 συνεκιρνᾶτο
1165 450 1281 514 &datan
1297 452 1353 514 καὶ
1369 454 1462 515 alvan

184 559 240 621 καὶ
274 553 381 640 μέλιτι
415 555 471 616 καὶ
504 554 604 635 rapuit
639 554 693 615 καὶ
729 548 893 636 ἀλφίτοις.
938 551 1044 613 deinde
1072 550 1221 614 Plutarchi
1256 550 1331 613 vitae
1358 551 1463 613 Thesei

184 658 277 740 capita
300 655 389 717 XXll.
412 665 443 715 et
465 653 566 715 XXIll.
590 653 654 734 lpse
676 652 754 732 legas
778 651 875 713 velim.

285 774 318 816 ac
332 755 454 815 Proclus
476 752 606 833 quidem,
629 769 696 813 cnm
721 770 737 813 a
755 749 937 813 carminibus
960 768 1046 811 orsos
1069 767 1207 830 pompam
1223 767 1239 810 a
1256 749 1361 811 Bacchi
1382 768 1466 811 sacro

184 857 220 919 ad
243 855 388 916 llinervae
410 852 536 914 Sciradis
565 855 667 912 lanum
699 850 730 911 in
753 849 878 912 Phalero
911 849 1030 911 ductam
1064 866 1128 910 esse
1161 849 1246 922 dicat,
1280 848 1391 911 aetium
1426 849 1466 911 ita

184 952 358 1035 simpliciter
390 960 517 1025 enarrat,
551 960 585 1012 ut
606 949 719 1012 Thesea
746 958 903 1029 postquam
934 947 1023 1010 rediit
1044 947 1171 1028 primam
1194 965 1333 1028 pompam
1357 947 1464 1010 oscho-

184 1053 336 1134 phoricam
365 1071 381 1112 a
408 1050 513 1113 Bacchi
547 1067 630 1111 sacro
662 1048 776 1110 urbano
809 1049 840 1108 in
863 1046 1020 1108 Phalerum
1050 1045 1170 1107 duxisse
1196 1046 1317 1107 eluceat
1363 1056 1466 1108 contra

186 1151 372 1220 Plutarchus,
396 1169 463 1211 cum
487 1150 517 1210 in
542 1148 636 1230 capite
651 1147 741 1208 XXII.
759 1146 864 1208 Thesei
886 1146 1014 1208 reditum
1031 1144 1195 1219 denarret,
1221 1154 1253 1206 ut
1267 1145 1337 1207 olim
1354 1147 1465 1208 lactum

186 1268 250 1311 esse
273 1267 447 1330 persuasum
472 1248 568 1323 babet,
592 1266 683 1329 pauca
706 1264 802 1326 neque
826 1255 924 1307 tamen
947 1244 1021 1305 levia
1043 1243 1137 1323 (quod
1160 1243 1386 1306 exclamationes
1402 1244 1467 1306 illas

186 1343 296 1409 ἐλελεῦ
318 1346 370 1409 λοι)
394 1345 446 1408 lod
468 1347 503 1407 ad
526 1347 696 1408 libationem
721 1342 884 1424 restrIngit)
907 1344 943 1405 de
965 1362 1036 1405 snae
1050 1342 1153 1404 aetatis
1170 1343 1364 1405 sollemnibus
1380 1363 1466 1425 prae·

186 1449 274 1518 latus,
297 1446 391 1526 capite
407 1444 519 1518 xxttt„
543 1455 700 1526 postquam
723 1443 806 1505 naris
829 1443 944 1516 veteris,
967 1461 1041 1521 quae
1064 1461 1158 1521 usque
1180 1442 1215 1503 ad
1231 1442 1373 1504 Demetrii
1389 1453 1466 1505 tern-

185 1564 255 1625 pora
278 1553 449 1605 conseruata
472 1554 558 1616 esset,
583 1544 762 1605 mentionem
785 1542 864 1616 lecit,
887 1540 944 1603 sub
967 1541 1052 1602 titulo
1075 1540 1292 1621 ‘Oschophoria
1314 1560 1330 1602 a
1352 1540 1468 1603 Theseo

188 1643 336 1704 Instituta'
359 1643 484 1703 vestium
502 1642 665 1704 Ionicarum
689 1640 798 1703 aetium
822 1641 944 1719 longum
967 1640 1010 1702 sic
1024 1640 1186 1702 concludit:
1210 1639 1355 1702 ‘Theseus
1375 1640 1467 1702 redux

186 1742 282 1804 factus
305 1741 508 1803 adulescentes
530 1741 580 1812 ita,
610 1749 643 1802 ut
665 1759 745 1802 nunc
768 1740 842 1801 vites
865 1748 992 1820 portant,
1021 1740 1142 1801 vestitos
1165 1739 1194 1800 ln
1218 1757 1324 1820 pompa
1348 1739 1467 1801 duxisse

186 1840 317 1903 dicitur'.
355 1850 499 1919 quantum
523 1841 558 1901 ad
584 1839 656 1902 vites
678 1850 708 1901 et
730 1839 838 1900 aetium
863 1839 976 1919 profert
991 1839 1027 1900 de
1042 1839 1133 1919 gualla
1151 1837 1263 1899 Baccho
1278 1848 1308 1899 et
1323 1838 1467 1900 Ariadnae

186 1941 275 2001 relata
298 1949 328 2000 ot
351 1939 584 2019 explanationem
608 1938 714 2019 partlm
739 1956 847 2012 veram,
870 1937 927 2018 ipsi
949 1949 1058 2010 autem,
1080 1939 1133 2017 qui
1145 1937 1257 1999 Thesea
1281 1936 1324 1998 sic
1345 1937 1468 1999 rediIsse

188 2038 290 2110 credit,
313 2056 435 2117 prorsus
460 2055 567 2110 veram,
591 2037 627 2098 de
650 2037 746 2098 reditu
769 2037 844 2097 clrca
868 2030 1003 2115 ὀπώραν
1025 2037 1112 2098 lacto.

288 2136 445 2197 videndum
470 2135 570 2215 igitur,
591 2137 740 2215 quomodo
762 2135 900 2196 historica
925 2135 971 2197 illa
995 2154 1063 2216 pars
1079 2135 1196 2216 (XXII.)
1212 2152 1279 2196 cum
1296 2134 1467 2215 heortologa

187 2233 318 2313 (XXIII.)
340 2235 543 2314 coniungenda
567 2235 615 2296 sit.
659 2243 730 2295 sunt
751 2243 850 2295 autem
874 2234 945 2294 haec
968 2236 1038 2307 lere,
1060 2253 1135 2314 quae
1157 2233 1297 2295 dicuntur
1319 2233 1349 2294 in
1372 2234 1467 2315 capite

187 2332 291 2394 XXII:
320 2333 452 2395 Theseus
475 2333 566 2395 redux
590 2333 660 2395 dum
683 2334 714 2394 ln
737 2332 860 2394 Phalero
882 2332 1024 2394 sacrificia
1047 2343 1112 2395 rota
1134 2333 1267 2406 absolvit,
1290 2351 1465 2414 praeconem

185 2432 216 2494 in
240 2432 343 2494 urbem
368 2433 466 2494 mittit.
512 2432 562 2494 ubi
590 2432 677 2505 cives,
711 2431 762 2511 qui
784 2431 872 2512 Aegei
895 2443 1021 2494 mortem
1044 2443 1221 2512 queruntur,
1256 2431 1362 2493 nuntio
1390 2431 1468 2493 felici

187 2533 273 2594 allato
306 2531 429 2594 recreati
462 2551 637 2613 praeconem
671 2550 812 2594 coronare
845 2531 962 2605 uolunt3
996 2533 1046 2593 sed
1075 2531 1123 2593 ille
1145 2530 1263 2593 coronis
1287 2532 1315 2592 in
1339 2531 1469 2592 caduceo

187 2631 339 2713 suspensis
361 2631 454 2692 tristis
476 2631 507 2692 ln
523 2631 682 2693 Phalerum
704 2630 864 2692 revertitur
884 2640 915 2692 et
936 2629 1079 2692 sacrilicio
1101 2630 1237 2692 absoluto
1251 2648 1326 2709 quae
1341 2629 1469 2691 audierit

189 2734 289 2792 relect
336 2732 412 2791 unde
436 2749 540 2792 omnes
564 2731 657 2792 multo
679 2731 807 2791 clamore
829 2729 1146 2809 lamentationibusque
1168 2728 1313 2791 Institutis
1335 2728 1469 2790 celeriter

189 2829 219 2890 in
244 2829 345 2890 urbem
366 2830 602 2910 proficiscuntur.
635 2829 743 2908 quibus
760 2829 934 2890 Plutarchus
950 2828 1222 2909 Oscbopboriorum
1239 2826 1315 2888 ritus
1330 2826 1401 2889 binc
1416 2827 1467 2888 de·

190 2927 294 2988 ductos
312 2926 438 2987 breviter
452 2928 593 3005 adiungit,
609 2928 769 2988 caduceum
785 2926 850 2987 dico
866 2937 1038 2988 coronatum
1055 2938 1085 2988 et
1100 2925 1341 2988 exclamationem
1358 2921 1468 2988 ἐλελεῦ

193 3022 247 3086 λοι)
271 3022 333 3096 ton,
356 3044 430 3103 quae
453 3025 483 3085 in
506 3025 645 3087 libati0ne
669 3025 763 3086 fiebat.
802 3044 869 3086 cum
893 3036 991 3086 autem
1015 3025 1045 3086 in
1068 3025 1216 3098 libatione,
1240 3043 1298 3086 non
1314 3023 1345 3086 in
1361 3042 1468 3105 pompa

191 3124 267 3184 hanc
288 3123 527 3184 exclamationem
552 3124 613 3184 lieri
636 3123 721 3198 dicat,
755 3124 981 3186 lamentationes
1003 3124 1077 3199 illae,
1110 3144 1185 3205 quae
1207 3143 1223 3185 a
1246 3123 1353 3185 Thesei
1375 3122 1469 3186 comi·

192 3222 270 3283 tibus
302 3221 332 3281 in
361 3222 458 3282 reditu
487 3222 639 3283 institutae
666 3234 745 3295 sunt,
780 3222 814 3284 ad
844 3242 983 3304 pompam
1007 3223 1110 3285 referri
1132 3242 1191 3285 non
1215 3232 1351 3303 possunt.
1395 3216 1469 3302 quae

192 3330 358 3399 sequuntur
391 3319 609 3392 lectisternii⁶³l
643 3333 673 3383 et
705 3321 849 3384 Iresionae
882 3324 956 3384 aetla
979 3322 1037 3384 huc
1065 3341 1125 3384 non
1148 3323 1309 3403 pertInent:
1344 3339 1469 3402 pompae

191 3420 282 3499 Igitur
305 3419 533 3499 oschophoricae
563 3421 673 3482 aetium
696 3421 726 3482 in
751 3422 844 3503 capite
867 3422 957 3484 XXII.
980 3440 1040 3483 uon
1063 3440 1128 3484 esse
1150 3420 1318 3482 fatebimur.
1364 3421 1469 3483 sedin

191 3518 284 3598 capite
307 3516 409 3579 XXIII.
434 3519 609 3582 Plutarchus
632 3520 744 3582 Thesea
767 3521 968 3600 Oschophoria
990 3520 1155 3583 instituisse
1177 3530 1207 3580 et
1229 3537 1368 3601 pompam
1390 3520 1468 3583 illam

194 3617 323 3696 primurn
348 3617 466 3679 duxisse
490 3619 569 3680 dicit.
608 3638 675 3680 oum
699 3629 798 3680 autem
816 3619 1016 3699 denophoros
1039 3629 1157 3689 matres,
1180 3636 1255 3696 quae
1277 3619 1378 3699 pueris
1401 3637 1470 3700 pro·

191 3714 313 3775 lecturis
340 3715 420 3775 cibos
450 3719 684 3797 apportavissent
712 3717 884 3797 tabulasque
914 3717 1120 3790 narravissent,
1148 3715 1258 3779 imitari
1286 3717 1371 3790 dicat,
1400 3715 1470 3797 quid

192 3824 342 3891 tamquam
365 3833 489 3893 pompae
512 3817 619 3876 aetium
644 3817 881 3894 cognoscendum
908 3816 954 3887 sit,
989 3814 1046 3875 iam
1076 3815 1188 3878 clarum
1214 3827 1273 3890 est;
1307 3815 1470 3896 namquid

194 3922 303 3972 matres
326 3930 393 3971 cum
419 3913 494 3972 victu
519 3924 548 3973 et
568 3933 636 3974 cum
652 3915 758 3976 fabulis
775 3915 804 3974 iu
821 3933 928 3995 pompa
944 3914 1071 3975 reditum
1087 3914 1199 3977 imitata
1214 3915 1270 3976 sibi
1286 3909 1470 3976 voluissent?

194 4011 217 4070 si
241 4021 339 4070 autem
370 4030 476 4090 pompa
504 4012 715 4092 oschopltorica
750 4032 813 4073 eam
849 4032 986 4093 pompam
1014 4013 1194 4083 Imitabatur‚
1227 4032 1314 4094 quam
1338 4012 1471 4075 Theseus

193 4118 348 4188 postquam
373 4109 459 4168 rediit
483 4109 511 4169 iu
536 4110 684 4172 discessus
712 4112 884 4172 memoriam
914 4111 1044 4185 duxerat,
1078 4131 1132 4173 cur
1164 4113 1250 4173 etiam
1280 4122 1390 4174 matres
1419 4111 1469 4175 ad·

196 4266 405 4274 *ψῃ-Η

294 4353 327 4415 ⁸⁸)
346 4353 488 4422 Ppanopsla
516 4357 703 4407 lectisterniun
731 4354 809 4406 luisse
836 4357 958 4423 implicite
986 4358 1061 4418 ticin
1089 4373 1143 4408 nutu
1162 4360 1308 4410 conviviu-
1327 4360 1470 4426 Apollinea

194 4434 294 4482 omuino
322 4452 369 4485 non
394 4445 510 4501 tangeret
528 4439 580 4488 nisi
600 4437 763 4489 lectisternio
782 4437 858 4489 simul
877 4438 1009 4488 instituto:
1042 4436 1106 4489 llein
1134 4440 1241 4492 tolleres
1261 4441 1375 4494 Versebn
1404 4442 1469 4495 lun

194 4518 258 4577 sein,
277 4517 360 4578 plebel
379 4520 459 4571 elaeon
479 4521 518 4571 ein
539 4519 599 4571 Post
618 4520 667 4571 und
686 4521 754 4572 lildst
773 4521 816 4571 ibn
836 4519 906 4570 nicht
925 4520 975 4571 eiu.
